price,volume,time,timestamp,type,order_type,trade_id
104167.5,9.599e-05,2025-05-13 23:43:21,1747179801.540348,buy,market,83029295
104167.5,0.000259,2025-05-13 23:43:40,1747179820.527732,buy,limit,83029296
104167.5,0.00103151,2025-05-13 23:44:04,1747179844.793902,buy,market,83029297
104167.5,0.000122,2025-05-13 23:44:09,1747179849.094371,buy,market,83029298
104167.4,0.001,2025-05-13 23:44:09,1747179849.562326,sell,limit,83029300
104167.4,0.0001,2025-05-13 23:44:09,1747179849.562326,sell,limit,83029299
104167.4,0.00076109,2025-05-13 23:44:09,1747179849.562326,sell,limit,83029301
104167.4,9.599e-05,2025-05-13 23:44:14,1747179854.5280206,sell,limit,83029302
104167.9,0.22773625,2025-05-13 23:44:29,1747179869.3291235,sell,limit,83029303
104167.9,5.195e-05,2025-05-13 23:44:32,1747179872.6871996,sell,limit,83029304
104168.0,0.00010404,2025-05-13 23:44:36,1747179876.037566,buy,limit,83029305
104168.0,0.00026407,2025-05-13 23:44:37,1747179877.1465065,buy,limit,83029306
104168.0,9.458e-05,2025-05-13 23:44:46,1747179886.2272155,buy,limit,83029307
104167.9,4.805e-05,2025-05-13 23:44:52,1747179892.8067195,sell,market,83029308
104167.9,0.001,2025-05-13 23:44:52,1747179892.8067195,sell,market,83029309
104156.8,0.00283957,2025-05-13 23:44:52,1747179892.8067195,sell,market,83029310
104168.3,8.501e-05,2025-05-13 23:45:02,1747179902.3053532,buy,limit,83029311
104168.3,8.485e-05,2025-05-13 23:45:02,1747179902.3382618,buy,limit,83029312
104169.8,0.0001,2025-05-13 23:45:20,1747179920.208092,sell,limit,83029313
104169.8,0.001,2025-05-13 23:45:20,1747179920.208092,sell,limit,83029314
104169.8,0.01439249,2025-05-13 23:45:20,1747179920.208092,sell,limit,83029315
104169.9,0.00286558,2025-05-13 23:45:20,1747179920.8362567,buy,limit,83029316
104170.0,5.04e-05,2025-05-13 23:45:31,1747179931.0228937,buy,market,83029317
104172.2,8.664e-05,2025-05-13 23:45:31,1747179931.0228937,buy,market,83029318
104172.2,0.00174966,2025-05-13 23:45:36,1747179936.7460873,buy,limit,83029319
104172.1,0.00134305,2025-05-13 23:45:38,1747179938.6177902,sell,limit,83029320
104172.1,0.01819193,2025-05-13 23:45:38,1747179938.6177902,sell,limit,83029321
104172.1,0.0005561,2025-05-13 23:46:00,1747179960.3001244,sell,market,83029322
104172.2,0.0013795,2025-05-13 23:46:02,1747179962.6214507,buy,market,83029323
104172.2,0.00017189,2025-05-13 23:46:28,1747179988.607337,buy,market,83029324
104172.2,0.00017188,2025-05-13 23:46:28,1747179988.8942306,buy,market,83029325
104172.2,5.174e-05,2025-05-13 23:46:41,1747180001.4349566,buy,limit,83029326
104172.2,0.00076384,2025-05-13 23:46:46,1747180006.8110914,buy,limit,83029327
104172.2,9.46e-06,2025-05-13 23:46:52,1747180012.7804596,buy,limit,83029328
104172.1,0.0004886,2025-05-13 23:46:59,1747180019.1363478,sell,market,83029329
104172.1,0.0001,2025-05-13 23:47:02,1747180022.3230355,sell,limit,83029331
104172.1,0.01814935,2025-05-13 23:47:02,1747180022.3230355,sell,limit,83029332
104172.1,0.0005114,2025-05-13 23:47:02,1747180022.3230355,sell,limit,83029330
104204.5,0.00246369,2025-05-13 23:47:04,1747180024.1897929,buy,market,83029339
104192.1,5.039e-05,2025-05-13 23:47:04,1747180024.1897929,buy,market,83029337
104180.9,5.039e-05,2025-05-13 23:47:04,1747180024.1897929,buy,market,83029335
104203.0,5.038e-05,2025-05-13 23:47:04,1747180024.1897929,buy,market,83029338
104172.2,0.00167789,2025-05-13 23:47:04,1747180024.1897929,buy,market,83029333
104192.0,5.5e-05,2025-05-13 23:47:04,1747180024.1897929,buy,market,83029336
104172.2,0.00079671,2025-05-13 23:47:04,1747180024.1897929,buy,market,83029334
104204.4,0.00048604,2025-05-13 23:47:05,1747180025.6780865,sell,market,83029340
104204.5,7.3e-05,2025-05-13 23:47:15,1747180035.994595,buy,market,83029341
104204.5,0.00094547,2025-05-13 23:47:19,1747180039.0388913,buy,limit,83029342
104204.4,0.00402474,2025-05-13 23:47:19,1747180039.8685796,sell,limit,83029343
104204.5,0.00202519,2025-05-13 23:47:30,1747180050.6764257,buy,limit,83029344
104204.5,0.0019951,2025-05-13 23:47:42,1747180062.9469502,buy,market,83029345
104204.5,0.00095,2025-05-13 23:47:44,1747180064.7403395,buy,limit,83029349
104204.5,7e-05,2025-05-13 23:47:44,1747180064.7403395,buy,limit,83029348
104204.5,0.00208755,2025-05-13 23:47:44,1747180064.7403395,buy,limit,83029346
104204.5,0.00246,2025-05-13 23:47:44,1747180064.7403395,buy,limit,83029347
104204.5,0.002,2025-05-13 23:47:44,1747180064.7403395,buy,limit,83029351
104212.2,0.02342084,2025-05-13 23:47:44,1747180064.7403395,buy,limit,83029352
104204.5,0.00202,2025-05-13 23:47:44,1747180064.7403395,buy,limit,83029350
104212.2,0.00099615,2025-05-13 23:47:52,1747180072.233502,buy,limit,83029353
104212.2,0.00047979,2025-05-13 23:47:56,1747180076.9725456,buy,market,83029354
104212.2,0.00594446,2025-05-13 23:48:01,1747180081.2797182,buy,market,83029355
104212.2,0.00337188,2025-05-13 23:48:01,1747180081.2797184,buy,market,83029356
104214.1,5.038e-05,2025-05-13 23:48:04,1747180084.3896155,buy,market,83029357
104214.9,0.0001631,2025-05-13 23:48:04,1747180084.3896155,buy,market,83029358
104219.1,0.00376631,2025-05-13 23:48:04,1747180084.3896158,buy,market,83029359
104224.9,5.037e-05,2025-05-13 23:48:19,1747180099.7817822,buy,limit,83029360
104231.0,0.00013869,2025-05-13 23:48:19,1747180099.7817822,buy,limit,83029361
104231.0,0.00098861,2025-05-13 23:48:23,1747180103.4076786,buy,limit,83029362
104230.9,0.00010109,2025-05-13 23:48:27,1747180107.082991,sell,limit,83029363
104231.0,0.0048827,2025-05-13 23:48:36,1747180116.305539,buy,limit,83029364
104231.0,0.00548927,2025-05-13 23:48:36,1747180116.305539,buy,limit,83029365
104231.0,0.00018905,2025-05-13 23:48:40,1747180120.1926908,buy,limit,83029366
104231.0,0.01890458,2025-05-13 23:48:44,1747180124.4364507,buy,limit,83029367
104230.9,0.0001,2025-05-13 23:48:47,1747180127.4506369,sell,limit,83029368
104230.9,0.0032573,2025-05-13 23:48:47,1747180127.450637,sell,limit,83029369
104230.9,0.0002232,2025-05-13 23:48:49,1747180129.9413881,sell,market,83029370
104231.0,9.546e-05,2025-05-13 23:48:58,1747180138.0585341,buy,limit,83029371
104236.0,5.037e-05,2025-05-13 23:49:02,1747180142.8530018,buy,market,83029372
104237.1,0.00088136,2025-05-13 23:49:02,1747180142.8530018,buy,market,83029373
104246.9,5.036e-05,2025-05-13 23:49:04,1747180144.2016697,buy,market,83029374
104254.2,5.055e-05,2025-05-13 23:49:04,1747180144.2016697,buy,market,83029375
104254.1,0.00484751,2025-05-13 23:49:08,1747180148.1069434,sell,limit,83029376
104254.2,5e-05,2025-05-13 23:49:10,1747180150.7115529,buy,market,83029377
104254.2,0.00190927,2025-05-13 23:49:14,1747180154.316262,buy,limit,83029378
104254.2,9.45e-05,2025-05-13 23:49:15,1747180155.4496193,buy,limit,83029379
104254.2,0.00011999,2025-05-13 23:49:22,1747180162.5514736,buy,market,83029380
104254.1,0.00030344,2025-05-13 23:49:46,1747180186.7893193,sell,limit,83029381
104254.2,0.00136196,2025-05-13 23:49:50,1747180190.005836,buy,limit,83029382
104254.2,0.00815364,2025-05-13 23:49:53,1747180193.9874394,buy,market,83029383
104254.2,0.00023979,2025-05-13 23:49:54,1747180194.7866712,buy,limit,83029384
104254.2,0.00229414,2025-05-13 23:50:02,1747180202.9629066,buy,limit,83029385
104254.2,0.00719395,2025-05-13 23:50:05,1747180205.0660124,buy,market,83029386
104254.2,0.00155389,2025-05-13 23:50:05,1747180205.7782154,buy,market,83029387
104254.2,0.0018168,2025-05-13 23:50:06,1747180206.8272839,buy,limit,83029388
104254.2,0.000189,2025-05-13 23:50:10,1747180210.693043,buy,limit,83029389
104254.1,0.00326606,2025-05-13 23:50:17,1747180217.543516,sell,limit,83029390
104254.1,0.0008233,2025-05-13 23:50:17,1747180217.543516,sell,limit,83029391
104254.2,9.64e-06,2025-05-13 23:50:25,1747180225.4415698,buy,limit,83029392
104254.2,0.00191455,2025-05-13 23:50:28,1747180228.7937043,buy,market,83029393
104254.1,0.0001,2025-05-13 23:50:46,1747180246.2077744,sell,limit,83029394
104254.1,0.135,2025-05-13 23:50:46,1747180246.2077744,sell,limit,83029397
104254.1,0.00961084,2025-05-13 23:50:46,1747180246.2077744,sell,limit,83029396
104254.1,0.001,2025-05-13 23:50:46,1747180246.2077744,sell,limit,83029395
104250.8,0.03034274,2025-05-13 23:50:46,1747180246.2077746,sell,limit,83029398
104249.2,0.09733776,2025-05-13 23:50:46,1747180246.2077746,sell,limit,83029399
104247.2,1.80795023,2025-05-13 23:50:46,1747180246.2077746,sell,limit,83029400
104254.2,0.00019185,2025-05-13 23:50:55,1747180255.8852394,buy,market,83029401
104254.2,0.003,2025-05-13 23:51:06,1747180266.4504058,buy,market,83029402
104254.2,0.00014175,2025-05-13 23:51:25,1747180285.6164796,buy,limit,83029403
104254.2,0.1,2025-05-13 23:51:31,1747180291.7358935,buy,market,83029404
104254.2,0.00041783,2025-05-13 23:51:31,1747180291.7369628,buy,limit,83029405
104254.2,0.00269978,2025-05-13 23:51:52,1747180312.051905,buy,limit,83029406
104254.2,1.569e-05,2025-05-13 23:51:53,1747180313.0392485,buy,limit,83029407
104254.2,0.00322529,2025-05-13 23:51:54,1747180314.2855058,buy,limit,83029408
104258.0,0.00203078,2025-05-13 23:52:01,1747180321.5870967,buy,market,83029410
104258.0,5.036e-05,2025-05-13 23:52:01,1747180321.5870967,buy,market,83029409
104264.4,0.00037914,2025-05-13 23:52:13,1747180333.1384578,sell,limit,83029411
104269.1,5.035e-05,2025-05-13 23:52:30,1747180350.6356616,buy,limit,83029414
104264.5,0.00196406,2025-05-13 23:52:30,1747180350.6356616,buy,limit,83029412
104264.7,0.00042843,2025-05-13 23:52:30,1747180350.6356616,buy,limit,83029413
104278.2,0.01316929,2025-05-13 23:52:30,1747180350.6356616,buy,limit,83029415
104279.9,1.044e-05,2025-05-13 23:52:31,1747180351.6239636,sell,limit,83029416
104280.0,5.035e-05,2025-05-13 23:52:32,1747180352.0383072,buy,limit,83029417
104289.1,0.00056227,2025-05-13 23:52:32,1747180352.0383072,buy,limit,83029419
104289.0,9.591e-05,2025-05-13 23:52:32,1747180352.0383072,buy,limit,83029418
104289.1,0.01883502,2025-05-13 23:52:40,1747180360.8922887,buy,market,83029421
104289.1,0.03116498,2025-05-13 23:52:40,1747180360.8922887,buy,market,83029420
104289.1,0.00093571,2025-05-13 23:52:47,1747180367.7860363,buy,limit,83029422
104289.1,0.00280008,2025-05-13 23:52:54,1747180374.8271809,buy,market,83029423
104289.0,0.001,2025-05-13 23:52:55,1747180375.2661898,sell,market,83029424
104289.0,0.0001,2025-05-13 23:52:55,1747180375.2661898,sell,market,83029425
104269.0,5.035e-05,2025-05-13 23:52:55,1747180375.26619,sell,market,83029426
104263.1,0.69364115,2025-05-13 23:52:55,1747180375.26619,sell,market,83029427
104263.1,0.00019185,2025-05-13 23:52:56,1747180376.8144298,sell,market,83029428
104263.2,0.0005,2025-05-13 23:53:01,1747180381.1223981,buy,limit,83029429
104263.2,0.00097348,2025-05-13 23:53:01,1747180381.3016875,buy,market,83029430
104263.2,1.029e-05,2025-05-13 23:53:10,1747180390.5789855,buy,limit,83029431
104263.2,0.00018899,2025-05-13 23:53:23,1747180403.04206,buy,limit,83029432
104280.0,5.035e-05,2025-05-13 23:53:42,1747180422.3129163,buy,market,83029433
104280.0,0.00011542,2025-05-13 23:53:42,1747180422.3129163,buy,market,83029434
104279.9,0.0001,2025-05-13 23:53:47,1747180427.720929,sell,limit,83029435
104279.9,0.00019056,2025-05-13 23:53:47,1747180427.720929,sell,limit,83029436
104280.0,0.00490543,2025-05-13 23:54:03,1747180443.427365,buy,market,83029437
104280.0,0.00095419,2025-05-13 23:54:24,1747180464.0382218,buy,limit,83029438
104280.0,0.00032689,2025-05-13 23:54:31,1747180471.953216,buy,limit,83029439
104280.0,0.00019179,2025-05-13 23:54:56,1747180496.0295393,buy,market,83029440
104280.0,0.00014313,2025-05-13 23:55:05,1747180505.9873185,buy,limit,83029441
104280.0,0.002885,2025-05-13 23:55:07,1747180507.548978,buy,market,83029442
104280.0,0.0010974,2025-05-13 23:55:09,1747180509.7026873,buy,market,83029443
104280.0,0.00170437,2025-05-13 23:55:14,1747180514.178075,buy,market,83029444
104280.0,0.0005,2025-05-13 23:55:21,1747180521.7648046,buy,market,83029445
104280.0,0.00014384,2025-05-13 23:55:23,1747180523.359761,buy,market,83029446
104280.0,0.00095896,2025-05-13 23:55:30,1747180530.3096154,buy,market,83029447
104279.9,2.9e-05,2025-05-13 23:55:45,1747180545.527079,sell,limit,83029449
104279.9,0.0001,2025-05-13 23:55:45,1747180545.527079,sell,limit,83029448
104280.0,0.00239866,2025-05-13 23:55:51,1747180551.6034043,buy,market,83029450
104280.0,0.0020338,2025-05-13 23:56:02,1747180562.5236945,buy,market,83029451
104280.0,0.00346108,2025-05-13 23:56:02,1747180562.5433612,buy,market,83029453
104280.0,0.04928154,2025-05-13 23:56:02,1747180562.5433612,buy,market,83029452
104280.0,0.00018896,2025-05-13 23:56:05,1747180565.7302408,buy,limit,83029454
104279.9,0.00026253,2025-05-13 23:56:11,1747180571.5811164,sell,market,83029455
104280.0,0.02456344,2025-05-13 23:56:23,1747180583.0458653,buy,market,83029456
104280.0,0.135,2025-05-13 23:56:23,1747180583.0458655,buy,market,83029459
104280.0,0.01650611,2025-05-13 23:56:23,1747180583.0458655,buy,market,83029458
104280.0,0.25749058,2025-05-13 23:56:23,1747180583.0458655,buy,market,83029460
104280.0,9.589e-05,2025-05-13 23:56:23,1747180583.0458655,buy,market,83029457
104279.9,0.00239739,2025-05-13 23:56:39,1747180599.800904,sell,market,83029462
104279.9,0.0001,2025-05-13 23:56:39,1747180599.800904,sell,market,83029463
104279.9,0.006,2025-05-13 23:56:39,1747180599.800904,sell,market,83029464
104279.9,0.00070847,2025-05-13 23:56:39,1747180599.800904,sell,market,83029461
104279.9,0.00770935,2025-05-13 23:56:39,1747180599.800904,sell,market,83029465
104279.9,0.00973342,2025-05-13 23:56:54,1747180614.4726596,sell,limit,83029466
104279.9,0.02524532,2025-05-13 23:56:58,1747180618.4888797,sell,limit,83029467
104280.0,8.853e-05,2025-05-13 23:56:59,1747180619.6811326,buy,limit,83029468
104280.0,9.92e-05,2025-05-13 23:56:59,1747180619.8863897,buy,limit,83029469
104280.0,0.00023164,2025-05-13 23:57:01,1747180621.488542,buy,market,83029470
104280.0,0.00017951,2025-05-13 23:57:33,1747180653.0493915,buy,limit,83029471
104279.9,9.59e-05,2025-05-13 23:57:43,1747180663.4765246,sell,limit,83029472
104279.9,9.59e-05,2025-05-13 23:57:43,1747180663.680905,sell,limit,83029473
104279.9,9.59e-05,2025-05-13 23:57:44,1747180664.1138144,sell,limit,83029474
104279.9,9.59e-05,2025-05-13 23:57:44,1747180664.3157413,sell,limit,83029475
104279.9,9.59e-05,2025-05-13 23:57:44,1747180664.9798036,sell,limit,83029476
104279.9,9.59e-05,2025-05-13 23:57:45,1747180665.4132574,sell,limit,83029477
104279.9,0.00015,2025-05-13 23:57:45,1747180665.4158006,sell,limit,83029482
104279.9,0.07673651,2025-05-13 23:57:45,1747180665.4158006,sell,limit,83029478
104279.9,0.001,2025-05-13 23:57:45,1747180665.4158006,sell,limit,83029480
104279.9,0.0001,2025-05-13 23:57:45,1747180665.4158006,sell,limit,83029479
104279.9,0.0086427,2025-05-13 23:57:45,1747180665.4158006,sell,limit,83029481
104279.9,0.01,2025-05-13 23:57:45,1747180665.4158006,sell,limit,83029483
104275.0,0.04796163,2025-05-13 23:57:45,1747180665.4158006,sell,limit,83029484
104258.0,5.035e-05,2025-05-13 23:57:45,1747180665.418824,sell,limit,83029486
104269.0,5.035e-05,2025-05-13 23:57:45,1747180665.418824,sell,limit,83029485
104254.2,5e-05,2025-05-13 23:57:46,1747180666.6730883,buy,market,83029487
104254.1,0.00013202,2025-05-13 23:57:50,1747180670.5411804,sell,market,83029488
104254.1,0.00960333,2025-05-13 23:57:53,1747180673.5243976,sell,market,83029489
104254.2,0.73130732,2025-05-13 23:57:57,1747180677.05428,buy,market,83029490
104254.2,0.00055443,2025-05-13 23:57:59,1747180679.9303188,buy,limit,83029491
104254.2,0.00049116,2025-05-13 23:58:03,1747180683.522335,buy,market,83029492
104254.1,9.593e-05,2025-05-13 23:58:03,1747180683.6969066,sell,limit,83029493
104254.1,0.00459157,2025-05-13 23:58:04,1747180684.156496,sell,limit,83029495
104254.1,0.00092987,2025-05-13 23:58:04,1747180684.156496,sell,limit,83029497
104254.1,0.0001,2025-05-13 23:58:04,1747180684.156496,sell,limit,83029496
104254.1,0.00557856,2025-05-13 23:58:04,1747180684.156496,sell,limit,83029494
104254.1,7.013e-05,2025-05-13 23:58:04,1747180684.1593723,sell,limit,83029498
104250.0,9.592e-05,2025-05-13 23:58:04,1747180684.2152324,sell,limit,83029499
104247.0,5.036e-05,2025-05-13 23:58:04,1747180684.2152324,sell,limit,83029500
104236.0,5.036e-05,2025-05-13 23:58:04,1747180684.2152324,sell,limit,83029501
104225.0,5.037e-05,2025-05-13 23:58:07,1747180687.2359161,sell,limit,83029502
104225.0,0.0001,2025-05-13 23:58:07,1747180687.2359161,sell,limit,83029503
104214.0,5.037e-05,2025-05-13 23:58:18,1747180698.456953,sell,limit,83029504
104214.0,0.0001,2025-05-13 23:58:18,1747180698.456953,sell,limit,83029505
104214.0,0.00032863,2025-05-13 23:58:18,1747180698.456953,sell,limit,83029506
104204.6,9.362e-05,2025-05-13 23:58:23,1747180703.7772176,buy,limit,83029507
104204.6,0.00093616,2025-05-13 23:58:27,1747180707.9005663,buy,limit,83029508
104204.6,8.859e-05,2025-05-13 23:58:36,1747180716.5457277,buy,limit,83029509
104204.5,0.00108201,2025-05-13 23:58:40,1747180720.653821,sell,limit,83029510
104181.0,5.039e-05,2025-05-13 23:58:43,1747180723.5841298,sell,limit,83029518
104204.5,0.00850799,2025-05-13 23:58:43,1747180723.5841298,sell,limit,83029511
104204.5,0.001,2025-05-13 23:58:43,1747180723.5841298,sell,limit,83029512
104204.5,0.0001,2025-05-13 23:58:43,1747180723.5841298,sell,limit,83029513
104204.5,0.00108,2025-05-13 23:58:43,1747180723.5841298,sell,limit,83029514
104200.0,0.00014395,2025-05-13 23:58:43,1747180723.5841298,sell,limit,83029516
104192.0,5.038e-05,2025-05-13 23:58:43,1747180723.5841298,sell,limit,83029517
104203.0,5.038e-05,2025-05-13 23:58:43,1747180723.5841298,sell,limit,83029515
104177.9,0.01134729,2025-05-13 23:58:43,1747180723.58413,sell,limit,83029519
104178.0,0.99629624,2025-05-13 23:58:49,1747180729.9395723,buy,market,83029520
104178.0,0.00022517,2025-05-13 23:58:53,1747180733.9466143,buy,limit,83029521
104177.9,0.00049198,2025-05-13 23:58:54,1747180734.296701,sell,market,83029522
104177.9,0.00095945,2025-05-13 23:59:04,1747180744.8694954,sell,market,83029523
104178.0,9.457e-05,2025-05-13 23:59:05,1747180745.0373538,buy,limit,83029524
104178.0,0.000929,2025-05-13 23:59:11,1747180751.3848915,buy,limit,83029525
104178.0,0.000263,2025-05-13 23:59:22,1747180762.2488801,buy,limit,83029526
104177.9,0.006,2025-05-13 23:59:23,1747180763.5517938,sell,limit,83029530
104177.9,0.005,2025-05-13 23:59:23,1747180763.5517938,sell,limit,83029531
104177.9,0.001,2025-05-13 23:59:23,1747180763.5517938,sell,limit,83029529
104177.9,0.0001,2025-05-13 23:59:23,1747180763.5517938,sell,limit,83029528
104177.9,0.02009243,2025-05-13 23:59:23,1747180763.5517938,sell,limit,83029527
104170.1,0.29110186,2025-05-13 23:59:26,1747180766.004885,buy,market,83029532
104170.0,5.039e-05,2025-05-13 23:59:30,1747180770.7762043,sell,market,83029533
104170.0,0.001,2025-05-13 23:59:30,1747180770.7762043,sell,market,83029535
104159.0,5.04e-05,2025-05-13 23:59:30,1747180770.7762043,sell,market,83029536
104156.7,0.01721951,2025-05-13 23:59:30,1747180770.7762043,sell,market,83029538
104170.0,0.0001,2025-05-13 23:59:30,1747180770.7762043,sell,market,83029534
104156.8,0.0314997,2025-05-13 23:59:30,1747180770.7762043,sell,market,83029537
104156.8,0.00172433,2025-05-13 23:59:37,1747180777.8981593,buy,market,83029540
104156.8,9.6e-05,2025-05-13 23:59:37,1747180777.8981593,buy,market,83029539
104156.7,0.00488432,2025-05-13 23:59:38,1747180778.8517811,sell,limit,83029541
104156.8,0.13327567,2025-05-13 23:59:46,1747180786.0335295,buy,market,83029542
104156.8,0.04734829,2025-05-13 23:59:46,1747180786.0335295,buy,market,83029543
104156.8,0.24536436,2025-05-13 23:59:46,1747180786.0335298,buy,market,83029544
104156.8,9.367e-05,2025-05-13 23:59:54,1747180794.0358872,buy,limit,83029545
104156.7,0.00010279,2025-05-13 23:59:58,1747180798.5380638,sell,market,83029546
104156.7,0.24999987,2025-05-13 23:59:59,1747180799.1831546,sell,market,83029547
104156.8,9.459e-05,2025-05-14 00:00:00,1747180800.0418973,buy,limit,83029548
104156.8,0.00010405,2025-05-14 00:00:00,1747180800.0542517,buy,limit,83029549
104156.8,0.00472951,2025-05-14 00:00:00,1747180800.1062741,buy,limit,83029550
104156.8,0.00022975,2025-05-14 00:00:00,1747180800.191323,buy,limit,83029551
104156.8,9.459e-05,2025-05-14 00:00:00,1747180800.3374786,buy,limit,83029552
104156.8,0.00047295,2025-05-14 00:00:00,1747180800.5110135,buy,limit,83029553
104156.8,0.00013413,2025-05-14 00:00:00,1747180800.7025013,buy,limit,83029554
104156.8,0.00227367,2025-05-14 00:00:01,1747180801.884336,buy,limit,83029555
104156.8,0.00017972,2025-05-14 00:00:01,1747180801.9019809,buy,limit,83029556
104156.8,0.00028377,2025-05-14 00:00:02,1747180802.0551782,buy,limit,83029557
104156.8,0.0004528,2025-05-14 00:00:02,1747180802.7245686,buy,limit,83029558
104156.8,0.0017361,2025-05-14 00:00:05,1747180805.5508559,buy,market,83029559
104156.8,0.38,2025-05-14 00:00:08,1747180808.6150231,buy,market,83029561
104156.8,0.33653551,2025-05-14 00:00:08,1747180808.6150231,buy,market,83029562
104156.8,0.09752733,2025-05-14 00:00:08,1747180808.6150231,buy,market,83029560
104156.8,0.04325699,2025-05-14 00:00:12,1747180812.2211897,buy,market,83029563
104156.8,7.879e-05,2025-05-14 00:00:26,1747180826.0392072,buy,limit,83029564
104156.8,0.05604684,2025-05-14 00:00:28,1747180828.992668,buy,market,83029565
104156.8,0.00196331,2025-05-14 00:00:31,1747180831.055477,buy,market,83029566
104156.8,0.43810207,2025-05-14 00:00:32,1747180832.007624,buy,market,83029567
104156.7,9.602e-05,2025-05-14 00:00:35,1747180835.1983027,sell,limit,83029568
104156.7,0.1,2025-05-14 00:00:35,1747180835.2346294,sell,limit,83029569
104156.7,0.007,2025-05-14 00:00:35,1747180835.2384088,sell,limit,83029573
104156.7,0.001,2025-05-14 00:00:35,1747180835.2384088,sell,limit,83029572
104156.7,0.0001,2025-05-14 00:00:35,1747180835.2384088,sell,limit,83029571
104156.7,0.06085445,2025-05-14 00:00:35,1747180835.2384088,sell,limit,83029570
104148.0,5.04e-05,2025-05-14 00:00:35,1747180835.38,sell,limit,83029574
104137.0,5.041e-05,2025-05-14 00:00:35,1747180835.3993735,sell,limit,83029575
104135.9,0.005,2025-05-14 00:00:35,1747180835.923813,sell,limit,83029576
104135.9,9.602e-05,2025-05-14 00:00:35,1747180835.9347553,sell,limit,83029577
104135.9,0.09,2025-05-14 00:00:35,1747180835.9741957,sell,limit,83029578
104135.9,0.0049,2025-05-14 00:00:36,1747180836.0307274,sell,limit,83029579
104135.9,3.98e-06,2025-05-14 00:00:36,1747180836.0314152,sell,limit,83029580
104126.0,5.041e-05,2025-05-14 00:00:36,1747180836.092922,sell,limit,83029581
104103.5,0.00432,2025-05-14 00:00:45,1747180845.5909863,sell,market,83029586
104115.0,0.0001,2025-05-14 00:00:45,1747180845.5909863,sell,market,83029583
104103.5,0.00106,2025-05-14 00:00:45,1747180845.5909863,sell,market,83029588
104115.0,0.001,2025-05-14 00:00:45,1747180845.5909863,sell,market,83029584
104103.5,0.00422,2025-05-14 00:00:45,1747180845.5909863,sell,market,83029587
104104.0,5.043e-05,2025-05-14 00:00:45,1747180845.5909863,sell,market,83029585
104115.0,5.042e-05,2025-05-14 00:00:45,1747180845.5909863,sell,market,83029582
104096.1,0.0310951,2025-05-14 00:00:45,1747180845.5909865,sell,market,83029589
104094.2,0.1,2025-05-14 00:00:45,1747180845.5909865,sell,market,83029591
104093.0,5.043e-05,2025-05-14 00:00:45,1747180845.5909865,sell,market,83029592
104096.0,0.00601,2025-05-14 00:00:45,1747180845.5909865,sell,market,83029590
104090.0,0.86817062,2025-05-14 00:00:45,1747180845.5909865,sell,market,83029593
104086.4,0.08552001,2025-05-14 00:00:46,1747180846.483826,buy,market,83029594
104086.4,0.00192141,2025-05-14 00:00:46,1747180846.569496,buy,limit,83029595
104086.3,0.0001235,2025-05-14 00:00:52,1747180852.8818944,sell,limit,83029597
104086.3,0.0001,2025-05-14 00:00:52,1747180852.8818944,sell,limit,83029596
104086.4,0.00095359,2025-05-14 00:00:58,1747180858.0427272,buy,limit,83029598
104086.4,0.00017984,2025-05-14 00:01:00,1747180860.5559213,buy,limit,83029599
104086.3,0.001,2025-05-14 00:01:00,1747180860.828882,sell,limit,83029600
104071.0,5.044e-05,2025-05-14 00:01:00,1747180860.828882,sell,limit,83029603
104065.6,0.00879912,2025-05-14 00:01:00,1747180860.828882,sell,limit,83029604
104082.0,5.044e-05,2025-05-14 00:01:00,1747180860.828882,sell,limit,83029602
104086.3,0.0001,2025-05-14 00:01:00,1747180860.828882,sell,limit,83029601
104065.7,9.56e-05,2025-05-14 00:01:03,1747180863.0196514,buy,limit,83029605
104065.7,0.11189953,2025-05-14 00:01:03,1747180863.0378525,buy,limit,83029609
104065.7,0.2531,2025-05-14 00:01:03,1747180863.0378525,buy,limit,83029608
104065.7,9.607e-05,2025-05-14 00:01:03,1747180863.0378525,buy,limit,83029607
104065.7,0.1349044,2025-05-14 00:01:03,1747180863.0378525,buy,limit,83029606
104065.7,0.00043242,2025-05-14 00:01:10,1747180870.8864524,buy,market,83029610
104065.6,0.0001,2025-05-14 00:01:13,1747180873.6902344,sell,limit,83029611
104065.6,0.001,2025-05-14 00:01:13,1747180873.6902344,sell,limit,83029612
104060.1,9.609e-05,2025-05-14 00:01:15,1747180875.612745,buy,market,83029613
104060.1,0.00090391,2025-05-14 00:01:15,1747180875.612745,buy,market,83029614
104060.1,0.41359253,2025-05-14 00:01:17,1747180877.3753223,buy,limit,83029620
104060.1,0.04,2025-05-14 00:01:17,1747180877.3753223,buy,limit,83029619
104060.1,0.281995,2025-05-14 00:01:17,1747180877.3753223,buy,limit,83029616
104060.1,0.0322399,2025-05-14 00:01:17,1747180877.3753223,buy,limit,83029615
104060.1,0.135,2025-05-14 00:01:17,1747180877.3753223,buy,limit,83029617
104060.1,0.2531,2025-05-14 00:01:17,1747180877.3753223,buy,limit,83029618
104060.1,0.8,2025-05-14 00:01:18,1747180878.7325315,buy,limit,83029621
104060.1,0.0268992,2025-05-14 00:01:18,1747180878.7325315,buy,limit,83029623
104060.1,0.38,2025-05-14 00:01:18,1747180878.7325315,buy,limit,83029622
104060.0,3.422e-05,2025-05-14 00:01:26,1747180886.291192,sell,limit,83029625
104060.0,5.045e-05,2025-05-14 00:01:26,1747180886.291192,sell,limit,83029624
104027.0,5.046e-05,2025-05-14 00:01:26,1747180886.3302999,sell,limit,83029630
104060.0,0.001,2025-05-14 00:01:26,1747180886.3302999,sell,limit,83029627
104049.0,5.045e-05,2025-05-14 00:01:26,1747180886.3302999,sell,limit,83029628
104038.0,5.046e-05,2025-05-14 00:01:26,1747180886.3302999,sell,limit,83029629
104060.0,6.578e-05,2025-05-14 00:01:26,1747180886.3302999,sell,limit,83029626
104024.5,0.0305855,2025-05-14 00:01:26,1747180886.3303,sell,limit,83029631
104020.8,0.281856,2025-05-14 00:01:26,1747180886.3303,sell,limit,83029632
104019.7,0.1,2025-05-14 00:01:26,1747180886.3303,sell,limit,83029633
104013.2,0.73179088,2025-05-14 00:01:26,1747180886.3303,sell,limit,83029635
104016.0,5.047e-05,2025-05-14 00:01:26,1747180886.3303,sell,limit,83029634
104022.4,0.00937494,2025-05-14 00:01:26,1747180886.4927635,buy,limit,83029636
104022.4,0.00192261,2025-05-14 00:01:27,1747180887.6741617,buy,limit,83029637
104022.3,0.00072202,2025-05-14 00:01:35,1747180895.4055188,sell,market,83029639
104022.3,0.0001,2025-05-14 00:01:35,1747180895.4055188,sell,market,83029638
104022.4,0.00096633,2025-05-14 00:01:37,1747180897.3028114,buy,market,83029640
104010.2,0.0039,2025-05-14 00:01:38,1747180898.4998887,sell,market,83029643
104022.3,0.0001,2025-05-14 00:01:38,1747180898.4998887,sell,market,83029641
104022.3,0.001,2025-05-14 00:01:38,1747180898.4998887,sell,market,83029642
104010.3,0.00082994,2025-05-14 00:01:48,1747180908.5015452,buy,limit,83029644
104010.3,0.00188559,2025-05-14 00:01:51,1747180911.1730542,buy,limit,83029645
104010.2,0.01805782,2025-05-14 00:01:59,1747180919.491194,sell,market,83029647
104010.2,0.06200043,2025-05-14 00:01:59,1747180919.491194,sell,market,83029648
104010.2,0.01994175,2025-05-14 00:01:59,1747180919.491194,sell,market,83029646
104010.3,0.00281695,2025-05-14 00:02:01,1747180921.9241583,buy,market,83029649
104010.3,0.0002621,2025-05-14 00:02:05,1747180925.684179,buy,limit,83029650
104010.3,0.01420542,2025-05-14 00:02:08,1747180928.9956388,buy,market,83029651
104010.3,0.00296855,2025-05-14 00:02:08,1747180928.9956388,buy,market,83029652
104027.1,5.047e-05,2025-05-14 00:02:08,1747180928.9956388,buy,market,83029653
104028.7,0.1788696,2025-05-14 00:02:08,1747180928.9956388,buy,market,83029654
104028.7,4.735e-05,2025-05-14 00:02:15,1747180935.3996847,buy,limit,83029655
104028.7,0.00015346,2025-05-14 00:02:23,1747180943.9424918,buy,limit,83029656
104049.1,7.95e-06,2025-05-14 00:02:27,1747180947.8725498,buy,market,83029659
104028.7,0.00866576,2025-05-14 00:02:27,1747180947.8725498,buy,market,83029657
104038.0,5.046e-05,2025-05-14 00:02:27,1747180947.8725498,buy,market,83029658
104049.0,7.3e-05,2025-05-14 00:02:34,1747180954.748055,sell,market,83029660
104049.0,0.23767198,2025-05-14 00:02:34,1747180954.8598032,sell,market,83029661
104049.0,0.00029754,2025-05-14 00:02:55,1747180975.9764338,sell,market,83029662
104049.1,4.251e-05,2025-05-14 00:03:00,1747180980.2836618,buy,limit,83029663
104060.0,0.00037579,2025-05-14 00:03:00,1747180980.2836618,buy,limit,83029665
104060.0,5.045e-05,2025-05-14 00:03:00,1747180980.2836618,buy,limit,83029664
104062.8,0.00214682,2025-05-14 00:03:01,1747180981.2247002,buy,market,83029666
104078.8,5.045e-05,2025-05-14 00:03:07,1747180987.054768,buy,limit,83029667
104087.2,0.00062429,2025-05-14 00:03:07,1747180987.054768,buy,limit,83029669
104082.1,5.044e-05,2025-05-14 00:03:07,1747180987.054768,buy,limit,83029668
104087.2,0.05093034,2025-05-14 00:03:18,1747180998.0455668,buy,market,83029670
104087.2,0.00017813,2025-05-14 00:03:21,1747181001.9886248,buy,limit,83029671
104087.2,0.000858,2025-05-14 00:03:22,1747181002.8904886,buy,market,83029672
104087.1,0.0001,2025-05-14 00:03:47,1747181027.2742925,sell,limit,83029673
104087.1,0.001,2025-05-14 00:03:47,1747181027.2742925,sell,limit,83029674
104071.1,0.00046865,2025-05-14 00:03:55,1747181035.4301038,buy,limit,83029675
104071.1,0.0005,2025-05-14 00:04:03,1747181043.0200295,buy,limit,83029676
104071.1,0.00038443,2025-05-14 00:04:05,1747181045.753877,buy,market,83029677
104071.1,0.00090343,2025-05-14 00:04:18,1747181058.8418498,buy,limit,83029678
104071.1,0.00060925,2025-05-14 00:04:19,1747181059.4466743,buy,limit,83029679
104071.1,0.00083573,2025-05-14 00:04:20,1747181060.085274,buy,limit,83029680
104071.1,0.00097016,2025-05-14 00:04:23,1747181063.8731575,buy,market,83029681
104071.1,0.00160384,2025-05-14 00:04:23,1747181063.8731575,buy,market,83029682
104071.0,5.044e-05,2025-05-14 00:04:24,1747181064.306415,sell,market,83029683
104071.0,5.833e-05,2025-05-14 00:04:24,1747181064.306415,sell,market,83029684
104071.0,0.001,2025-05-14 00:04:54,1747181094.8451495,sell,limit,83029686
104071.0,4.167e-05,2025-05-14 00:04:54,1747181094.8451495,sell,limit,83029685
104049.0,5.045e-05,2025-05-14 00:04:54,1747181094.8451495,sell,limit,83029689
104038.0,5.046e-05,2025-05-14 00:04:54,1747181094.8451495,sell,limit,83029690
104060.0,5.093e-05,2025-05-14 00:04:54,1747181094.8451495,sell,limit,83029688
104060.0,5.045e-05,2025-05-14 00:04:54,1747181094.8451495,sell,limit,83029687
104034.4,0.00097604,2025-05-14 00:04:54,1747181094.8451495,sell,limit,83029691
104035.6,0.00418397,2025-05-14 00:05:02,1747181102.2127633,buy,market,83029692
104035.6,0.00080041,2025-05-14 00:05:03,1747181103.9194057,buy,market,83029693
104035.6,0.0004677,2025-05-14 00:05:06,1747181106.9082894,buy,limit,83029694
104035.6,0.00014589,2025-05-14 00:05:19,1747181119.939138,buy,limit,83029695
104025.0,0.00138592,2025-05-14 00:05:31,1747181131.1222296,sell,market,83029703
104025.0,0.00037402,2025-05-14 00:05:31,1747181131.1222296,sell,market,83029701
104025.0,0.00686307,2025-05-14 00:05:31,1747181131.1222296,sell,market,83029700
104025.0,0.00109513,2025-05-14 00:05:31,1747181131.1222296,sell,market,83029702
104035.5,0.0001,2025-05-14 00:05:31,1747181131.1222296,sell,market,83029696
104035.5,0.00183081,2025-05-14 00:05:31,1747181131.1222296,sell,market,83029698
104027.0,5.046e-05,2025-05-14 00:05:31,1747181131.1222296,sell,market,83029699
104035.5,0.001,2025-05-14 00:05:31,1747181131.1222296,sell,market,83029697
104025.1,9.565e-05,2025-05-14 00:05:33,1747181133.043418,buy,limit,83029704
104025.0,0.00028186,2025-05-14 00:05:34,1747181134.00627,sell,limit,83029705
104025.0,0.0001,2025-05-14 00:05:34,1747181134.00627,sell,limit,83029706
104014.7,0.00055308,2025-05-14 00:05:34,1747181134.00627,sell,limit,83029708
104016.0,5.047e-05,2025-05-14 00:05:34,1747181134.00627,sell,limit,83029707
104014.8,4.736e-05,2025-05-14 00:05:38,1747181138.0372748,buy,limit,83029709
104014.8,0.00835549,2025-05-14 00:05:49,1747181149.8989384,buy,limit,83029710
104014.7,0.001,2025-05-14 00:05:52,1747181152.7395263,sell,limit,83029712
104014.7,0.0001,2025-05-14 00:05:52,1747181152.7395263,sell,limit,83029711
104008.5,0.01875906,2025-05-14 00:06:02,1747181162.4889512,buy,limit,83029713
104008.4,0.07215333,2025-05-14 00:06:04,1747181164.0325563,sell,limit,83029715
104008.4,0.00184667,2025-05-14 00:06:04,1747181164.0325563,sell,limit,83029714
104008.5,0.00096139,2025-05-14 00:06:25,1747181185.4478648,buy,limit,83029716
104008.5,0.00093801,2025-05-14 00:06:38,1747181198.1668782,buy,limit,83029717
104008.5,0.00234502,2025-05-14 00:06:44,1747181204.0849423,buy,limit,83029718
104008.5,0.00095668,2025-05-14 00:06:47,1747181207.0460641,buy,limit,83029719
104008.5,0.00095668,2025-05-14 00:06:51,1747181211.9514976,buy,limit,83029720
104008.5,0.00304853,2025-05-14 00:06:53,1747181213.016815,buy,limit,83029721
104008.5,0.01019554,2025-05-14 00:07:01,1747181221.6413922,buy,market,83029722
104008.5,0.00027757,2025-05-14 00:07:03,1747181223.701956,buy,limit,83029723
104008.5,0.00127073,2025-05-14 00:07:05,1747181225.3242664,buy,limit,83029724
104008.5,0.03752039,2025-05-14 00:07:09,1747181229.5222912,buy,limit,83029725
104008.5,0.00018177,2025-05-14 00:07:18,1747181238.036526,buy,limit,83029726
104008.4,0.00096993,2025-05-14 00:07:19,1747181239.136102,sell,market,83029727
104008.4,0.00147825,2025-05-14 00:07:19,1747181239.5172832,sell,limit,83029728
104008.5,0.02320066,2025-05-14 00:07:20,1747181240.9017959,buy,limit,83029730
104009.0,0.14465123,2025-05-14 00:07:20,1747181240.9017959,buy,limit,83029731
104008.5,0.01640823,2025-05-14 00:07:20,1747181240.9017959,buy,limit,83029729
104026.9,0.0002902,2025-05-14 00:07:24,1747181244.7243516,sell,limit,83029732
104026.9,0.00443027,2025-05-14 00:07:26,1747181246.369516,sell,market,83029733
104027.0,0.00182554,2025-05-14 00:07:28,1747181248.8518386,buy,limit,83029735
104027.0,5.047e-05,2025-05-14 00:07:28,1747181248.8518386,buy,limit,83029734
104026.9,4.94e-05,2025-05-14 00:07:34,1747181254.1308422,sell,limit,83029736
104027.0,0.00024031,2025-05-14 00:07:49,1747181269.7462373,buy,limit,83029737
104035.4,0.00133985,2025-05-14 00:08:06,1747181286.210687,sell,limit,83029738
104038.0,5.046e-05,2025-05-14 00:08:12,1747181292.2916157,buy,market,83029739
104040.3,0.05696202,2025-05-14 00:08:12,1747181292.2916157,buy,market,83029740
104040.8,0.00043539,2025-05-14 00:08:13,1747181293.0978863,buy,market,83029741
104040.7,0.01182443,2025-05-14 00:08:13,1747181293.747277,sell,market,83029743
104040.7,0.04071205,2025-05-14 00:08:13,1747181293.747277,sell,market,83029742
104040.7,0.038081,2025-05-14 00:08:13,1747181293.747277,sell,market,83029744
104041.2,8.247e-05,2025-05-14 00:08:18,1747181298.0644202,buy,market,83029745
104041.8,0.0187543,2025-05-14 00:08:33,1747181313.8074875,buy,limit,83029746
104041.7,0.0001718,2025-05-14 00:08:34,1747181314.9831135,sell,market,83029751
104041.7,0.0073531,2025-05-14 00:08:34,1747181314.9831135,sell,market,83029749
104041.7,0.01210864,2025-05-14 00:08:34,1747181314.9831135,sell,market,83029748
104041.7,0.00072279,2025-05-14 00:08:34,1747181314.9831135,sell,market,83029750
104041.7,0.00532097,2025-05-14 00:08:34,1747181314.9831135,sell,market,83029747
104041.7,8.038e-05,2025-05-14 00:08:34,1747181314.9831138,sell,market,83029753
104041.7,6.18e-06,2025-05-14 00:08:34,1747181314.9831138,sell,market,83029752
104041.8,0.0042508,2025-05-14 00:08:40,1747181320.7000232,buy,limit,83029754
104041.8,0.00019366,2025-05-14 00:09:00,1747181340.061729,buy,market,83029755
104041.8,4.689e-05,2025-05-14 00:09:08,1747181348.798788,buy,limit,83029756
104041.8,0.00451038,2025-05-14 00:09:13,1747181353.628389,buy,limit,83029757
104041.8,9.405e-05,2025-05-14 00:09:14,1747181354.2618458,buy,limit,83029758
104041.8,0.00473474,2025-05-14 00:09:16,1747181356.7683487,buy,limit,83029759
104041.7,0.0001,2025-05-14 00:09:17,1747181357.612018,sell,market,83029760
104041.7,2.7e-05,2025-05-14 00:09:17,1747181357.612018,sell,market,83029762
104041.7,0.001,2025-05-14 00:09:17,1747181357.612018,sell,market,83029761
104049.0,5.046e-05,2025-05-14 00:09:30,1747181370.0210917,buy,market,83029764
104041.8,0.00085943,2025-05-14 00:09:30,1747181370.0210917,buy,market,83029763
104051.5,0.00198251,2025-05-14 00:09:30,1747181370.0210917,buy,market,83029765
104051.3,0.00019031,2025-05-14 00:09:36,1747181376.086404,sell,market,83029767
104051.3,0.00010969,2025-05-14 00:09:36,1747181376.086404,sell,market,83029766
104051.4,0.00873435,2025-05-14 00:09:41,1747181381.1741383,buy,market,83029768
104051.4,0.0013468,2025-05-14 00:10:02,1747181402.4519753,buy,market,83029769
104051.4,0.0002,2025-05-14 00:10:07,1747181407.532523,buy,market,83029770
104027.0,5.046e-05,2025-05-14 00:10:09,1747181409.9554439,sell,market,83029774
104000.0,0.00480769,2025-05-14 00:10:09,1747181409.9554439,sell,market,83029782
104000.0,9.615e-05,2025-05-14 00:10:09,1747181409.9554439,sell,market,83029784
104000.0,0.00048076,2025-05-14 00:10:09,1747181409.9554439,sell,market,83029783
104008.4,0.0045802,2025-05-14 00:10:09,1747181409.9554439,sell,market,83029778
104051.3,0.0001,2025-05-14 00:10:09,1747181409.9554439,sell,market,83029771
104051.3,0.001,2025-05-14 00:10:09,1747181409.9554439,sell,market,83029772
103998.8,0.02435022,2025-05-14 00:10:09,1747181409.9554439,sell,market,83029785
104002.5,0.00961,2025-05-14 00:10:09,1747181409.9554439,sell,market,83029780
104016.0,5.047e-05,2025-05-14 00:10:09,1747181409.9554439,sell,market,83029775
104008.4,0.00541837,2025-05-14 00:10:09,1747181409.9554439,sell,market,83029776
104008.4,0.000288,2025-05-14 00:10:09,1747181409.9554439,sell,market,83029777
104002.4,0.00673061,2025-05-14 00:10:09,1747181409.9554439,sell,market,83029781
104005.0,5.047e-05,2025-05-14 00:10:09,1747181409.9554439,sell,market,83029779
104038.0,5.046e-05,2025-05-14 00:10:09,1747181409.9554439,sell,market,83029773
103998.3,0.00027367,2025-05-14 00:10:17,1747181417.8037415,buy,market,83029786
103998.2,0.0001,2025-05-14 00:10:29,1747181429.5367098,sell,market,83029787
103998.2,0.001,2025-05-14 00:10:29,1747181429.5367098,sell,market,83029788
103983.0,5.048e-05,2025-05-14 00:10:29,1747181429.5367098,sell,market,83029791
103978.5,0.00938731,2025-05-14 00:10:29,1747181429.5367098,sell,market,83029793
103991.0,0.01775838,2025-05-14 00:10:29,1747181429.5367098,sell,market,83029790
103994.0,5.048e-05,2025-05-14 00:10:29,1747181429.5367098,sell,market,83029789
103979.9,0.0005,2025-05-14 00:10:29,1747181429.5367098,sell,market,83029792
103978.6,0.01876559,2025-05-14 00:10:39,1747181439.754696,buy,limit,83029794
104002.5,0.00067212,2025-05-14 00:11:02,1747181462.4883177,buy,limit,83029796
103994.0,5.048e-05,2025-05-14 00:11:02,1747181462.4883177,buy,limit,83029795
104002.4,0.000314,2025-05-14 00:11:04,1747181464.081075,sell,market,83029797
104002.5,0.00076921,2025-05-14 00:11:16,1747181476.8847005,buy,market,83029798
104002.4,0.29951,2025-05-14 00:11:21,1747181481.212168,sell,market,83029799
104002.5,8.876e-05,2025-05-14 00:11:23,1747181483.6190193,buy,limit,83029800
104002.5,0.0005,2025-05-14 00:11:29,1747181489.7704465,buy,market,83029801
104002.5,0.0004,2025-05-14 00:11:39,1747181499.1139274,buy,limit,83029802
104002.5,9e-05,2025-05-14 00:11:39,1747181499.1162014,buy,limit,83029806
104002.5,0.00077,2025-05-14 00:11:39,1747181499.1162014,buy,limit,83029805
104002.5,0.00067,2025-05-14 00:11:39,1747181499.1162014,buy,limit,83029804
104002.5,0.00049009,2025-05-14 00:11:39,1747181499.1162014,buy,limit,83029807
104002.5,0.00717991,2025-05-14 00:11:39,1747181499.1162014,buy,limit,83029803
104002.5,9.91e-06,2025-05-14 00:11:39,1747181499.1209693,buy,limit,83029808
104005.1,5.048e-05,2025-05-14 00:11:39,1747181499.1226456,buy,limit,83029809
104027.0,5.047e-05,2025-05-14 00:11:39,1747181499.2539513,buy,limit,83029811
104016.1,5.047e-05,2025-05-14 00:11:39,1747181499.2539513,buy,limit,83029810
104049.0,5.046e-05,2025-05-14 00:11:39,1747181499.65583,buy,market,83029813
104091.2,0.00022954,2025-05-14 00:11:39,1747181499.65583,buy,market,83029816
104087.2,0.00027077,2025-05-14 00:11:39,1747181499.65583,buy,market,83029815
104081.4,0.00010446,2025-05-14 00:11:39,1747181499.65583,buy,market,83029814
104037.9,5.046e-05,2025-05-14 00:11:39,1747181499.65583,buy,market,83029812
104091.2,0.00043753,2025-05-14 00:11:39,1747181499.6877513,buy,market,83029817
104091.1,0.000522,2025-05-14 00:11:44,1747181504.2127943,sell,market,83029818
104091.1,0.00302111,2025-05-14 00:11:44,1747181504.4594936,sell,market,83029819
104091.2,5.045e-05,2025-05-14 00:11:45,1747181505.774571,buy,limit,83029822
104091.2,5.045e-05,2025-05-14 00:11:45,1747181505.774571,buy,limit,83029821
104091.2,5.044e-05,2025-05-14 00:11:45,1747181505.774571,buy,limit,83029820
104093.1,5.044e-05,2025-05-14 00:11:45,1747181505.7745712,buy,limit,83029823
104099.9,0.03589331,2025-05-14 00:11:45,1747181505.7745712,buy,limit,83029824
104099.7,0.00109382,2025-05-14 00:11:57,1747181517.8484914,sell,market,83029825
104099.7,0.0001,2025-05-14 00:12:11,1747181531.3722146,sell,limit,83029827
104099.7,0.012528,2025-05-14 00:12:11,1747181531.3722146,sell,limit,83029826
104099.7,0.001,2025-05-14 00:12:11,1747181531.3722148,sell,limit,83029828
104082.0,0.0001,2025-05-14 00:12:17,1747181537.867104,sell,limit,83029830
104082.0,0.00489355,2025-05-14 00:12:17,1747181537.867104,sell,limit,83029831
104082.0,5.044e-05,2025-05-14 00:12:17,1747181537.867104,sell,limit,83029829
104082.0,0.001,2025-05-14 00:12:22,1747181542.3915398,sell,limit,83029832
104071.0,5.044e-05,2025-05-14 00:12:22,1747181542.3915398,sell,limit,83029834
104082.0,0.0001,2025-05-14 00:12:22,1747181542.3915398,sell,limit,83029833
104065.8,0.01580956,2025-05-14 00:12:22,1747181542.3915398,sell,limit,83029835
104065.9,0.016024,2025-05-14 00:12:26,1747181546.1130478,sell,market,83029836
104066.0,0.00068098,2025-05-14 00:12:27,1747181547.4306111,buy,limit,83029837
104066.0,0.00046875,2025-05-14 00:12:29,1747181549.056521,buy,limit,83029838
104066.0,0.00056979,2025-05-14 00:12:43,1747181563.011547,buy,limit,83029839
104065.9,0.0001,2025-05-14 00:12:50,1747181570.9015422,sell,market,83029841
104060.0,5.045e-05,2025-05-14 00:12:50,1747181570.9015422,sell,market,83029843
104065.9,0.00048046,2025-05-14 00:12:50,1747181570.9015422,sell,market,83029842
104065.9,0.001,2025-05-14 00:12:50,1747181570.9015422,sell,market,83029840
104051.1,0.13870517,2025-05-14 00:12:50,1747181570.9015424,sell,market,83029844
104051.1,0.11064383,2025-05-14 00:12:50,1747181570.9015424,sell,market,83029845
104048.7,0.288512,2025-05-14 00:12:50,1747181570.9015424,sell,market,83029847
104049.0,5.045e-05,2025-05-14 00:12:50,1747181570.9015424,sell,market,83029846
104047.8,0.05694119,2025-05-14 00:12:50,1747181570.9015424,sell,market,83029848
104047.8,0.0411814,2025-05-14 00:12:50,1747181570.9015424,sell,market,83029849
104048.3,0.00715773,2025-05-14 00:12:56,1747181576.199507,buy,market,83029850
104048.3,0.02322967,2025-05-14 00:12:56,1747181576.371696,buy,limit,83029851
104051.8,0.00489507,2025-05-14 00:12:56,1747181576.371696,buy,limit,83029852
104053.5,0.00227605,2025-05-14 00:13:05,1747181585.40339,buy,limit,83029853
104053.5,0.02062481,2025-05-14 00:13:07,1747181587.5819566,buy,limit,83029854
104053.5,0.00076884,2025-05-14 00:13:10,1747181590.0004983,buy,market,83029855
104053.4,0.00080167,2025-05-14 00:13:10,1747181590.1136048,sell,limit,83029856
104053.4,0.0001,2025-05-14 00:13:21,1747181601.5975544,sell,limit,83029857
104053.4,4.626e-05,2025-05-14 00:13:21,1747181601.5975544,sell,limit,83029858
104053.4,0.00016931,2025-05-14 00:13:22,1747181602.541584,sell,market,83029859
104053.4,0.00033343,2025-05-14 00:13:26,1747181606.9160976,sell,limit,83029861
104053.4,0.0001,2025-05-14 00:13:26,1747181606.9160976,sell,limit,83029860
104053.5,0.00325201,2025-05-14 00:13:30,1747181610.3357384,buy,market,83029862
104053.5,9.468e-05,2025-05-14 00:13:34,1747181614.5040412,buy,limit,83029863
104053.5,0.00393153,2025-05-14 00:13:39,1747181619.3262007,buy,market,83029864
104053.5,0.0004988,2025-05-14 00:13:44,1747181624.0102735,buy,limit,83029865
104053.5,0.00386224,2025-05-14 00:13:57,1747181637.6723652,buy,market,83029866
104038.0,5.046e-05,2025-05-14 00:14:04,1747181644.4927807,sell,market,83029870
104053.4,0.00048052,2025-05-14 00:14:04,1747181644.4927807,sell,market,83029869
104053.4,0.001,2025-05-14 00:14:04,1747181644.4927807,sell,market,83029868
104053.4,0.0001,2025-05-14 00:14:04,1747181644.4927807,sell,market,83029867
104002.5,0.00961,2025-05-14 00:14:04,1747181644.492781,sell,market,83029874
104005.0,5.047e-05,2025-05-14 00:14:04,1747181644.492781,sell,market,83029873
104027.0,5.046e-05,2025-05-14 00:14:04,1747181644.492781,sell,market,83029871
104016.0,5.047e-05,2025-05-14 00:14:04,1747181644.492781,sell,market,83029872
103992.1,0.00015286,2025-05-14 00:14:04,1747181644.492781,sell,market,83029876
104000.8,0.00048076,2025-05-14 00:14:04,1747181644.492781,sell,market,83029875
103992.2,9.612e-05,2025-05-14 00:14:09,1747181649.6035454,buy,market,83029877
103992.2,0.00061859,2025-05-14 00:14:09,1747181649.6035454,buy,market,83029878
103992.1,0.00034714,2025-05-14 00:14:14,1747181654.4157574,sell,market,83029879
103992.1,0.0001,2025-05-14 00:14:14,1747181654.4157577,sell,market,83029880
103992.1,5.048e-05,2025-05-14 00:14:14,1747181654.4157577,sell,market,83029882
103992.1,0.001,2025-05-14 00:14:14,1747181654.4157577,sell,market,83029881
103972.0,5.049e-05,2025-05-14 00:14:14,1747181654.4157577,sell,market,83029885
103978.5,0.00837384,2025-05-14 00:14:14,1747181654.4157577,sell,market,83029884
103971.3,0.02310057,2025-05-14 00:14:14,1747181654.4157577,sell,market,83029886
103983.0,5.048e-05,2025-05-14 00:14:14,1747181654.4157577,sell,market,83029883
103971.4,9.616e-05,2025-05-14 00:14:21,1747181661.032936,buy,limit,83029887
103971.4,0.00100076,2025-05-14 00:14:21,1747181661.032936,buy,limit,83029888
103971.3,0.0001,2025-05-14 00:14:26,1747181666.9668458,sell,limit,83029889
103971.3,0.00056927,2025-05-14 00:14:26,1747181666.9668458,sell,limit,83029891
103971.3,0.001,2025-05-14 00:14:26,1747181666.9668458,sell,limit,83029890
103966.1,5.134e-05,2025-05-14 00:14:31,1747181671.1160228,sell,market,83029893
103971.3,0.0001,2025-05-14 00:14:31,1747181671.1160228,sell,market,83029892
103966.0,0.0095061,2025-05-14 00:14:31,1747181671.1160228,sell,market,83029894
103966.0,0.02868957,2025-05-14 00:14:32,1747181672.3289838,sell,market,83029898
103966.0,0.001,2025-05-14 00:14:32,1747181672.3289838,sell,market,83029897
103966.0,5.217e-05,2025-05-14 00:14:32,1747181672.3289838,sell,market,83029896
103966.0,0.00825783,2025-05-14 00:14:32,1747181672.3289838,sell,market,83029895
103966.0,0.06200043,2025-05-14 00:14:32,1747181672.3289838,sell,market,83029899
103966.0,0.00965744,2025-05-14 00:14:35,1747181675.3001096,sell,market,83029900
103966.0,0.0001,2025-05-14 00:14:39,1747181679.4310157,sell,market,83029902
103966.0,5.212e-05,2025-05-14 00:14:39,1747181679.4310157,sell,market,83029901
103963.1,0.00950532,2025-05-14 00:14:39,1747181679.4310157,sell,market,83029903
103966.0,0.00855744,2025-05-14 00:14:43,1747181683.6168785,sell,market,83029906
103966.0,0.001,2025-05-14 00:14:43,1747181683.6168785,sell,market,83029905
103966.0,0.0001,2025-05-14 00:14:43,1747181683.6168785,sell,market,83029904
103966.1,0.00096185,2025-05-14 00:14:46,1747181686.4756987,buy,market,83029907
103966.0,0.00965744,2025-05-14 00:14:47,1747181687.8685052,sell,market,83029908
103966.0,0.00965744,2025-05-14 00:14:51,1747181691.9810715,sell,market,83029909
103966.1,0.00014215,2025-05-14 00:14:55,1747181695.683803,buy,limit,83029910
103966.0,0.00965744,2025-05-14 00:14:56,1747181696.1814964,sell,market,83029911
103966.0,0.00965744,2025-05-14 00:15:00,1747181700.6655524,sell,market,83029912
103966.1,0.00019237,2025-05-14 00:15:01,1747181701.8458498,buy,market,83029913
103966.1,0.00873763,2025-05-14 00:15:02,1747181702.207199,buy,market,83029914
103966.1,0.000556,2025-05-14 00:15:02,1747181702.2854013,buy,market,83029915
103966.0,2.856e-05,2025-05-14 00:15:03,1747181703.847296,sell,market,83029917
103966.0,0.00090544,2025-05-14 00:15:03,1747181703.847296,sell,market,83029916
103966.0,7.144e-05,2025-05-14 00:15:04,1747181704.9043171,sell,market,83029918
103966.0,0.009586,2025-05-14 00:15:04,1747181704.9043171,sell,market,83029919
103966.0,0.00965744,2025-05-14 00:15:09,1747181709.0376918,sell,market,83029920
103966.0,0.00965744,2025-05-14 00:15:13,1747181713.167329,sell,market,83029921
103966.1,0.00018953,2025-05-14 00:15:17,1747181717.2739625,buy,limit,83029922
103961.0,0.00601,2025-05-14 00:15:17,1747181717.5553455,sell,market,83029925
103966.0,0.0001,2025-05-14 00:15:17,1747181717.5553455,sell,market,83029924
103966.0,0.001,2025-05-14 00:15:17,1747181717.5553455,sell,market,83029923
103953.6,0.00249695,2025-05-14 00:15:17,1747181717.5553458,sell,market,83029927
103961.0,5.049e-05,2025-05-14 00:15:17,1747181717.5553458,sell,market,83029926
103953.6,0.002869,2025-05-14 00:15:17,1747181717.708119,sell,market,83029929
103953.6,1.7e-05,2025-05-14 00:15:17,1747181717.708119,sell,market,83029928
103953.7,0.01393188,2025-05-14 00:15:17,1747181717.747817,buy,limit,83029930
103953.6,0.00965744,2025-05-14 00:15:21,1747181721.776242,sell,market,83029931
103953.6,0.00063504,2025-05-14 00:15:21,1747181721.8327663,sell,market,83029933
103953.6,0.00258417,2025-05-14 00:15:21,1747181721.8327663,sell,market,83029932
103966.2,0.003913,2025-05-14 00:15:25,1747181725.7751944,sell,market,83029934
103971.2,0.0876285,2025-05-14 00:15:31,1747181731.0478034,sell,limit,83029935
103971.2,0.00017183,2025-05-14 00:15:45,1747181745.4907765,sell,market,83029937
103971.2,5.117e-05,2025-05-14 00:15:45,1747181745.4907765,sell,market,83029936
103971.3,0.00156561,2025-05-14 00:15:47,1747181747.1930609,buy,limit,83029939
103971.3,0.00032731,2025-05-14 00:15:47,1747181747.1930609,buy,limit,83029938
103971.9,0.00793005,2025-05-14 00:15:55,1747181755.6395311,sell,limit,83029941
103971.9,5.045e-05,2025-05-14 00:15:55,1747181755.6395311,sell,limit,83029940
103971.9,0.03520053,2025-05-14 00:15:55,1747181755.6400638,sell,limit,83029942
103971.9,0.0079805,2025-05-14 00:15:55,1747181755.6419716,sell,limit,83029943
103971.9,0.01697652,2025-05-14 00:15:55,1747181755.6488805,sell,limit,83029944
103971.9,0.00031316,2025-05-14 00:16:07,1747181767.9738023,sell,limit,83029945
103993.5,0.02707432,2025-05-14 00:16:11,1747181771.730676,buy,limit,83029949
103972.0,5.049e-05,2025-05-14 00:16:11,1747181771.730676,buy,limit,83029946
103983.0,5.049e-05,2025-05-14 00:16:11,1747181771.730676,buy,limit,83029948
103976.4,0.00097487,2025-05-14 00:16:11,1747181771.730676,buy,limit,83029947
103993.9,5.048e-05,2025-05-14 00:16:13,1747181773.6374488,buy,market,83029950
104002.5,7.52e-06,2025-05-14 00:16:13,1747181773.6374488,buy,market,83029951
104002.5,0.00017823,2025-05-14 00:16:22,1747181782.8072922,buy,limit,83029952
104002.5,0.00416865,2025-05-14 00:16:27,1747181787.2404468,buy,market,83029953
104002.5,0.0001923,2025-05-14 00:16:31,1747181791.9091692,buy,market,83029954
104002.5,0.0005833,2025-05-14 00:16:41,1747181801.2536643,buy,limit,83029955
104002.5,0.00157425,2025-05-14 00:16:41,1747181801.2536643,buy,limit,83029956
104002.4,0.00019495,2025-05-14 00:17:06,1747181826.006046,sell,limit,83029957
104002.4,0.00057,2025-05-14 00:17:06,1747181826.203107,sell,market,83029958
104002.4,0.0001,2025-05-14 00:17:08,1747181828.8813488,sell,market,83029959
104002.4,3.5e-05,2025-05-14 00:17:08,1747181828.8813488,sell,market,83029960
104002.5,0.00197504,2025-05-14 00:17:16,1747181836.6970227,buy,market,83029961
104002.5,0.00018,2025-05-14 00:18:01,1747181881.3334963,buy,market,83029963
104002.5,0.02441246,2025-05-14 00:18:01,1747181881.3334963,buy,market,83029964
104002.5,0.00093071,2025-05-14 00:18:01,1747181881.3334963,buy,market,83029962
104002.4,0.000405,2025-05-14 00:18:03,1747181883.5864727,sell,market,83029965
104002.5,8.79e-05,2025-05-14 00:18:21,1747181901.896903,buy,limit,83029966
104002.4,0.00651864,2025-05-14 00:18:26,1747181906.8351629,sell,limit,83029971
104002.4,0.001,2025-05-14 00:18:26,1747181906.8351629,sell,limit,83029969
104002.4,5.054e-05,2025-05-14 00:18:26,1747181906.8351629,sell,limit,83029968
104002.4,0.0001,2025-05-14 00:18:26,1747181906.8351629,sell,limit,83029967
104002.4,0.02094,2025-05-14 00:18:26,1747181906.8351629,sell,limit,83029970
104002.4,0.00166793,2025-05-14 00:18:26,1747181906.8358362,sell,limit,83029972
104002.4,0.0515371,2025-05-14 00:18:26,1747181906.8382313,sell,limit,83029973
104002.5,0.0036092,2025-05-14 00:18:27,1747181907.5188665,buy,limit,83029974
104002.4,0.0097308,2025-05-14 00:18:31,1747181911.0395257,sell,market,83029975
104002.4,0.0097308,2025-05-14 00:18:35,1747181915.32268,sell,market,83029976
104002.5,0.00047114,2025-05-14 00:18:38,1747181918.10336,buy,limit,83029980
104002.5,0.00216,2025-05-14 00:18:38,1747181918.10336,buy,limit,83029979
104002.5,0.00197,2025-05-14 00:18:38,1747181918.10336,buy,limit,83029981
104002.5,0.00036434,2025-05-14 00:18:38,1747181918.10336,buy,limit,83029982
104002.5,0.00019,2025-05-14 00:18:38,1747181918.10336,buy,limit,83029978
104002.5,0.0004729,2025-05-14 00:18:38,1747181918.10336,buy,limit,83029977
104002.4,0.0097308,2025-05-14 00:18:39,1747181919.4218776,sell,market,83029983
104002.5,0.00142486,2025-05-14 00:18:41,1747181921.7353435,buy,limit,83029984
103985.6,0.00357312,2025-05-14 00:18:43,1747181923.513347,sell,market,83029988
103990.0,0.00600586,2025-05-14 00:18:43,1747181923.513347,sell,market,83029987
103990.1,5.182e-05,2025-05-14 00:18:43,1747181923.513347,sell,market,83029986
104002.4,0.0001,2025-05-14 00:18:43,1747181923.513347,sell,market,83029985
103983.1,0.00048085,2025-05-14 00:18:44,1747181924.8326037,buy,market,83029989
103983.1,9.381e-05,2025-05-14 00:18:46,1747181926.7397707,buy,limit,83029990
103983.0,0.00845273,2025-05-14 00:18:47,1747181927.7155585,sell,market,83029996
103983.0,0.0001,2025-05-14 00:18:47,1747181927.7155585,sell,market,83029995
103983.0,5.048e-05,2025-05-14 00:18:47,1747181927.7155585,sell,market,83029991
103983.0,7.693e-05,2025-05-14 00:18:47,1747181927.7155585,sell,market,83029992
103983.0,0.001,2025-05-14 00:18:47,1747181927.7155585,sell,market,83029994
103983.0,5.066e-05,2025-05-14 00:18:47,1747181927.7155585,sell,market,83029993
103983.1,4.691e-05,2025-05-14 00:18:47,1747181927.878072,buy,limit,83029997
103983.1,0.00048085,2025-05-14 00:18:51,1747181931.6358976,buy,market,83029998
103983.0,0.0001,2025-05-14 00:18:51,1747181931.824366,sell,market,83029999
103972.0,5.049e-05,2025-05-14 00:18:51,1747181931.824366,sell,market,83030000
103971.9,5.351e-05,2025-05-14 00:18:51,1747181931.824366,sell,market,83030001
103971.9,0.0097308,2025-05-14 00:18:52,1747181932.4072282,sell,market,83030002
103971.9,0.0097308,2025-05-14 00:18:56,1747181936.7912462,sell,market,83030003
103971.9,0.00972733,2025-05-14 00:19:00,1747181940.9056115,sell,market,83030004
103971.9,0.00972267,2025-05-14 00:19:05,1747181945.008771,sell,market,83030005
103971.9,0.0097227,2025-05-14 00:19:09,1747181949.154986,sell,market,83030006
103971.9,0.00972305,2025-05-14 00:19:13,1747181953.2819207,sell,market,83030007
103972.0,0.018,2025-05-14 00:19:17,1747181957.3817909,buy,market,83030008
103972.0,0.01158393,2025-05-14 00:19:17,1747181957.3817909,buy,market,83030009
103971.9,0.0097232,2025-05-14 00:19:17,1747181957.6887376,sell,market,83030010
103972.0,0.00077081,2025-05-14 00:19:18,1747181958.862397,buy,market,83030011
103971.9,0.0097234,2025-05-14 00:19:21,1747181961.9815793,sell,market,83030012
103971.9,0.00324117,2025-05-14 00:19:22,1747181962.0467854,sell,market,83030013
103971.9,0.05,2025-05-14 00:19:27,1747181967.2341814,sell,market,83030014
103971.9,0.000135,2025-05-14 00:19:31,1747181971.3048024,sell,market,83030015
103974.0,0.00048089,2025-05-14 00:19:37,1747181977.6142306,buy,market,83030016
103974.0,0.01151836,2025-05-14 00:19:39,1747181979.0006192,buy,market,83030017
103973.9,0.0001,2025-05-14 00:19:44,1747181984.7272816,sell,limit,83030019
103973.9,5.335e-05,2025-05-14 00:19:44,1747181984.7272816,sell,limit,83030018
103973.9,0.00023537,2025-05-14 00:19:44,1747181984.7272816,sell,limit,83030020
103974.0,0.0035238,2025-05-14 00:19:45,1747181985.1937773,buy,market,83030021
103974.0,0.00402467,2025-05-14 00:19:48,1747181988.8352816,buy,market,83030022
103973.9,1.571e-05,2025-05-14 00:19:51,1747181991.8474994,sell,limit,83030023
103974.0,0.00874085,2025-05-14 00:19:56,1747181996.1103437,buy,market,83030024
103974.0,0.00143549,2025-05-14 00:20:00,1747182000.0411427,buy,limit,83030025
103982.3,0.00012564,2025-05-14 00:20:03,1747182003.8636756,buy,market,83030026
103982.3,0.00797466,2025-05-14 00:20:03,1747182003.8636756,buy,market,83030027
103989.7,0.0015509,2025-05-14 00:20:03,1747182003.8636756,buy,market,83030029
103983.0,5.049e-05,2025-05-14 00:20:03,1747182003.8636756,buy,market,83030028
103989.6,0.00023273,2025-05-14 00:20:08,1747182008.0194972,sell,limit,83030030
103989.7,0.00044917,2025-05-14 00:20:17,1747182017.912529,buy,limit,83030031
104002.3,9.541e-05,2025-05-14 00:20:19,1747182019.5928204,sell,limit,83030032
104002.4,0.00048076,2025-05-14 00:20:32,1747182032.3024156,buy,market,83030033
104002.3,2.738e-05,2025-05-14 00:20:37,1747182037.4868217,sell,limit,83030034
104002.4,0.00727596,2025-05-14 00:20:37,1747182037.9646118,buy,limit,83030035
104002.4,0.00043028,2025-05-14 00:20:42,1747182042.9912035,buy,market,83030037
104002.4,5.048e-05,2025-05-14 00:20:42,1747182042.9912035,buy,market,83030036
104002.4,0.00432565,2025-05-14 00:20:50,1747182050.2502387,buy,market,83030038
104002.3,0.00798113,2025-05-14 00:20:53,1747182053.6970608,sell,limit,83030039
104002.4,0.00659276,2025-05-14 00:20:53,1747182053.985939,sell,limit,83030040
104002.5,0.00062986,2025-05-14 00:21:01,1747182061.3882558,buy,market,83030041
104002.5,0.00021331,2025-05-14 00:21:01,1747182061.3882558,buy,market,83030042
104002.5,0.00361,2025-05-14 00:21:01,1747182061.736851,buy,limit,83030045
104002.5,0.0048,2025-05-14 00:21:01,1747182061.736851,buy,limit,83030046
104002.5,8e-05,2025-05-14 00:21:01,1747182061.736851,buy,limit,83030044
104064.4,0.01640184,2025-05-14 00:21:01,1747182061.736851,buy,limit,83030054
104064.3,0.03239127,2025-05-14 00:21:01,1747182061.736851,buy,limit,83030053
104053.5,0.66069877,2025-05-14 00:21:01,1747182061.736851,buy,limit,83030052
104002.5,0.00090669,2025-05-14 00:21:01,1747182061.736851,buy,limit,83030043
104005.0,5.048e-05,2025-05-14 00:21:01,1747182061.736851,buy,limit,83030047
104016.0,5.047e-05,2025-05-14 00:21:01,1747182061.736851,buy,limit,83030048
104027.1,5.047e-05,2025-05-14 00:21:01,1747182061.736851,buy,limit,83030049
104038.0,5.046e-05,2025-05-14 00:21:01,1747182061.736851,buy,limit,83030050
104048.9,5.046e-05,2025-05-14 00:21:01,1747182061.736851,buy,limit,83030051
104064.4,5.045e-05,2025-05-14 00:21:10,1747182070.8072727,buy,limit,83030055
104089.7,0.00080784,2025-05-14 00:21:10,1747182070.807273,buy,limit,83030057
104071.0,5.045e-05,2025-05-14 00:21:10,1747182070.807273,buy,limit,83030056
104090.9,0.0284364,2025-05-14 00:21:16,1747182076.3995273,buy,market,83030058
104090.9,0.00411776,2025-05-14 00:21:22,1747182082.8447344,buy,limit,83030059
104090.9,0.00520447,2025-05-14 00:21:22,1747182082.8447344,buy,limit,83030061
104090.9,5.044e-05,2025-05-14 00:21:22,1747182082.8447344,buy,limit,83030060
104090.8,0.001918,2025-05-14 00:21:31,1747182091.276174,sell,market,83030062
104090.9,0.00048035,2025-05-14 00:21:42,1747182102.0756795,buy,market,83030063
104090.8,9.609e-05,2025-05-14 00:21:43,1747182103.303076,sell,limit,83030064
104090.8,9.609e-05,2025-05-14 00:21:43,1747182103.5073724,sell,limit,83030065
104090.8,9.609e-05,2025-05-14 00:21:43,1747182103.7374694,sell,limit,83030066
104090.8,9.609e-05,2025-05-14 00:21:44,1747182104.116891,sell,limit,83030067
104090.8,9.609e-05,2025-05-14 00:21:44,1747182104.5502744,sell,limit,83030068
104090.8,9.609e-05,2025-05-14 00:21:44,1747182104.9798682,sell,limit,83030069
104090.8,9.609e-05,2025-05-14 00:21:47,1747182107.84114,sell,limit,83030070
104090.8,9.609e-05,2025-05-14 00:21:48,1747182108.2737885,sell,limit,83030071
104090.8,0.000443,2025-05-14 00:21:48,1747182108.484415,sell,market,83030072
104090.8,9.609e-05,2025-05-14 00:21:48,1747182108.707145,sell,limit,83030073
104090.8,9.609e-05,2025-05-14 00:21:49,1747182109.1405404,sell,limit,83030074
104090.8,9.609e-05,2025-05-14 00:21:49,1747182109.441548,sell,limit,83030075
104090.8,9.609e-05,2025-05-14 00:21:50,1747182110.0060434,sell,limit,83030076
104090.8,9.609e-05,2025-05-14 00:21:50,1747182110.4364548,sell,limit,83030077
104090.8,9.609e-05,2025-05-14 00:21:50,1747182110.8697667,sell,limit,83030078
104090.8,9.609e-05,2025-05-14 00:21:51,1747182111.1337535,sell,limit,83030079
104090.8,0.001,2025-05-14 00:22:01,1747182121.4170864,sell,limit,83030082
104090.8,0.0001,2025-05-14 00:22:01,1747182121.4170864,sell,limit,83030081
104090.8,0.04701497,2025-05-14 00:22:01,1747182121.4170864,sell,limit,83030080
104071.1,0.03401178,2025-05-14 00:22:21,1747182141.7921457,buy,market,83030084
104071.1,0.01650611,2025-05-14 00:22:21,1747182141.7921457,buy,market,83030083
104018.2,0.00013874,2025-05-14 00:22:30,1747182150.5752175,sell,market,83030092
104049.0,5.045e-05,2025-05-14 00:22:30,1747182150.5752175,sell,market,83030089
104038.0,5.046e-05,2025-05-14 00:22:30,1747182150.5752175,sell,market,83030090
104071.0,0.0001,2025-05-14 00:22:30,1747182150.5752175,sell,market,83030086
104027.0,5.046e-05,2025-05-14 00:22:30,1747182150.5752175,sell,market,83030091
104071.0,0.001,2025-05-14 00:22:30,1747182150.5752175,sell,market,83030087
104060.0,5.045e-05,2025-05-14 00:22:30,1747182150.5752175,sell,market,83030088
104071.0,5.044e-05,2025-05-14 00:22:30,1747182150.5752175,sell,market,83030085
104010.0,0.01946376,2025-05-14 00:22:37,1747182157.4478517,sell,limit,83030094
104010.0,5.359e-05,2025-05-14 00:22:37,1747182157.4478517,sell,limit,83030093
104010.1,0.02884335,2025-05-14 00:22:37,1747182157.9262314,buy,market,83030095
104010.1,0.00191163,2025-05-14 00:22:47,1747182167.2834525,buy,limit,83030096
104010.0,0.018968,2025-05-14 00:22:49,1747182169.863323,sell,market,83030097
104010.0,0.000239,2025-05-14 00:22:58,1747182178.5177958,sell,market,83030098
104010.1,0.00151558,2025-05-14 00:22:58,1747182178.698919,buy,limit,83030099
104010.1,0.00779879,2025-05-14 00:23:01,1747182181.5343692,buy,market,83030100
104038.0,2.40296972,2025-05-14 00:23:01,1747182181.5343692,buy,market,83030102
104038.0,5.046e-05,2025-05-14 00:23:01,1747182181.5343692,buy,market,83030101
104040.9,0.51918103,2025-05-14 00:23:01,1747182181.5343695,buy,market,83030103
104044.6,0.00060032,2025-05-14 00:23:05,1747182185.7112904,buy,limit,83030104
104044.6,0.00022584,2025-05-14 00:23:06,1747182186.1202588,buy,market,83030105
104044.5,0.011344,2025-05-14 00:23:10,1747182190.0691292,sell,market,83030106
104044.6,0.004551,2025-05-14 00:23:11,1747182191.3853662,buy,limit,83030107
104044.5,0.00015,2025-05-14 00:23:11,1747182191.468425,sell,market,83030108
104044.6,0.00017816,2025-05-14 00:23:16,1747182196.042018,buy,limit,83030109
104044.5,0.00051534,2025-05-14 00:23:17,1747182197.8351662,sell,market,83030110
104044.5,0.00024,2025-05-14 00:23:18,1747182198.674189,sell,market,83030111
104044.5,0.00024,2025-05-14 00:23:19,1747182199.593142,sell,market,83030112
104044.6,0.00011534,2025-05-14 00:23:35,1747182215.0940835,buy,market,83030113
104025.3,0.04204701,2025-05-14 00:23:36,1747182216.9365644,sell,market,83030118
104025.4,5.325e-05,2025-05-14 00:23:36,1747182216.9365644,sell,market,83030117
104027.0,5.046e-05,2025-05-14 00:23:36,1747182216.9365644,sell,market,83030116
104044.5,0.0001,2025-05-14 00:23:36,1747182216.9365644,sell,market,83030114
104044.5,0.001,2025-05-14 00:23:36,1747182216.9365644,sell,market,83030115
104026.9,5.326e-05,2025-05-14 00:23:45,1747182225.6197526,sell,limit,83030119
104026.9,0.00109594,2025-05-14 00:23:45,1747182225.6197526,sell,limit,83030120
104026.9,0.000205,2025-05-14 00:23:49,1747182229.4895523,sell,market,83030121
104026.9,0.003914,2025-05-14 00:23:49,1747182229.842034,sell,market,83030122
104027.0,0.00270579,2025-05-14 00:24:02,1747182242.9757383,buy,market,83030123
104026.9,0.001,2025-05-14 00:24:09,1747182249.6627443,sell,market,83030125
104026.9,0.0001,2025-05-14 00:24:09,1747182249.6627443,sell,market,83030124
104002.3,0.02268706,2025-05-14 00:24:09,1747182249.6627443,sell,market,83030129
104005.0,5.047e-05,2025-05-14 00:24:09,1747182249.6627443,sell,market,83030127
104002.5,0.00961,2025-05-14 00:24:09,1747182249.6627443,sell,market,83030128
104016.0,5.047e-05,2025-05-14 00:24:09,1747182249.6627443,sell,market,83030126
104002.3,0.007278,2025-05-14 00:24:10,1747182250.8933628,sell,market,83030130
104002.3,0.000534,2025-05-14 00:24:11,1747182251.2919757,sell,market,83030131
104002.4,0.0007068,2025-05-14 00:24:12,1747182252.4082942,buy,market,83030132
104002.4,0.00164567,2025-05-14 00:24:12,1747182252.7440543,buy,limit,83030133
104002.3,0.0120244,2025-05-14 00:24:21,1747182261.5995893,sell,limit,83030134
104002.3,0.0092,2025-05-14 00:24:22,1747182262.4117453,sell,limit,83030135
104002.3,0.00217429,2025-05-14 00:24:22,1747182262.412095,sell,limit,83030136
104002.3,0.0001,2025-05-14 00:24:22,1747182262.412095,sell,limit,83030137
104002.3,0.001,2025-05-14 00:24:22,1747182262.412095,sell,limit,83030139
104002.3,0.0001,2025-05-14 00:24:22,1747182262.412095,sell,limit,83030138
103994.1,0.0047249,2025-05-14 00:24:23,1747182263.7113519,buy,limit,83030140
103994.0,5.048e-05,2025-05-14 00:24:33,1747182273.2529128,sell,limit,83030141
103994.0,0.0001,2025-05-14 00:24:33,1747182273.252913,sell,limit,83030142
103994.0,0.001,2025-05-14 00:24:33,1747182273.252913,sell,limit,83030143
103983.0,0.001,2025-05-14 00:24:51,1747182291.5122838,sell,limit,83030145
103983.0,0.0001,2025-05-14 00:24:51,1747182291.5122838,sell,limit,83030146
103983.0,5.048e-05,2025-05-14 00:24:51,1747182291.5122838,sell,limit,83030144
103972.0,5.049e-05,2025-05-14 00:24:51,1747182291.5122838,sell,limit,83030147
103971.9,9.618e-05,2025-05-14 00:24:53,1747182293.1954284,sell,limit,83030148
103971.9,0.00089746,2025-05-14 00:24:53,1747182293.3711398,sell,market,83030149
103971.9,0.06013239,2025-05-14 00:24:53,1747182293.3712723,sell,market,83030150
103950.0,5.05e-05,2025-05-14 00:24:53,1747182293.3712723,sell,market,83030155
103941.8,0.0014716,2025-05-14 00:24:53,1747182293.3712723,sell,market,83030156
103971.9,0.0001,2025-05-14 00:24:53,1747182293.3712723,sell,market,83030151
103941.5,5.5e-05,2025-05-14 00:24:53,1747182293.3712723,sell,market,83030157
103961.0,5.049e-05,2025-05-14 00:24:53,1747182293.3712723,sell,market,83030154
103971.2,0.00288541,2025-05-14 00:24:53,1747182293.3712723,sell,market,83030152
103962.2,0.0001,2025-05-14 00:24:53,1747182293.3712723,sell,market,83030153
103900.0,0.00240615,2025-05-14 00:24:53,1747182293.3712726,sell,market,83030174
103900.0,5e-05,2025-05-14 00:24:53,1747182293.3712726,sell,market,83030173
103900.0,0.02887391,2025-05-14 00:24:53,1747182293.3712726,sell,market,83030172
103900.0,0.0352127,2025-05-14 00:24:53,1747182293.3712726,sell,market,83030171
103941.1,0.01776946,2025-05-14 00:24:53,1747182293.3712726,sell,market,83030158
103902.2,0.00962443,2025-05-14 00:24:53,1747182293.3712726,sell,market,83030167
103901.1,0.00923955,2025-05-14 00:24:53,1747182293.3712726,sell,market,83030169
103901.5,0.00962,2025-05-14 00:24:53,1747182293.3712726,sell,market,83030168
103902.4,0.01287265,2025-05-14 00:24:53,1747182293.3712726,sell,market,83030166
103903.7,0.01777778,2025-05-14 00:24:53,1747182293.3712726,sell,market,83030165
103907.7,0.00024059,2025-05-14 00:24:53,1747182293.3712726,sell,market,83030164
103910.5,0.1,2025-05-14 00:24:53,1747182293.3712726,sell,market,83030163
103939.0,5.051e-05,2025-05-14 00:24:53,1747182293.3712726,sell,market,83030159
103928.6,0.01777224,2025-05-14 00:24:53,1747182293.3712726,sell,market,83030160
103916.2,0.0176328,2025-05-14 00:24:53,1747182293.3712726,sell,market,83030161
103912.4,7.699e-05,2025-05-14 00:24:53,1747182293.3712726,sell,market,83030162
103900.4,0.0048123,2025-05-14 00:24:53,1747182293.3712726,sell,market,83030170
103891.2,0.01778056,2025-05-14 00:24:53,1747182293.3712728,sell,market,83030185
103891.3,0.03019695,2025-05-14 00:24:53,1747182293.3712728,sell,market,83030184
103893.3,0.00011651,2025-05-14 00:24:53,1747182293.3712728,sell,market,83030183
103893.4,0.00014031,2025-05-14 00:24:53,1747182293.3712728,sell,market,83030182
103893.4,9.758e-05,2025-05-14 00:24:53,1747182293.3712728,sell,market,83030181
103893.4,0.00014453,2025-05-14 00:24:53,1747182293.3712728,sell,market,83030180
103893.5,5e-05,2025-05-14 00:24:53,1747182293.3712728,sell,market,83030179
103893.5,5.389e-05,2025-05-14 00:24:53,1747182293.3712728,sell,market,83030178
103897.7,0.00024062,2025-05-14 00:24:53,1747182293.3712728,sell,market,83030177
103899.1,0.22465666,2025-05-14 00:24:53,1747182293.3712728,sell,market,83030176
103890.3,0.135,2025-05-14 00:24:53,1747182293.3712728,sell,market,83030186
103880.3,0.312611,2025-05-14 00:24:53,1747182293.3712728,sell,market,83030190
103883.3,0.38504745,2025-05-14 00:24:53,1747182293.3712728,sell,market,83030189
103887.5,5.645e-05,2025-05-14 00:24:53,1747182293.3712728,sell,market,83030187
103884.6,0.2531,2025-05-14 00:24:53,1747182293.3712728,sell,market,83030188
103899.1,0.02844334,2025-05-14 00:24:53,1747182293.3712728,sell,market,83030175
103879.9,1.15481,2025-05-14 00:24:53,1747182293.3712728,sell,market,83030191
103871.0,0.61056667,2025-05-14 00:24:53,1747182293.371273,sell,market,83030203
103878.8,0.01764106,2025-05-14 00:24:53,1747182293.371273,sell,market,83030195
103874.2,0.72190672,2025-05-14 00:24:53,1747182293.371273,sell,market,83030197
103874.1,0.2531,2025-05-14 00:24:53,1747182293.371273,sell,market,83030198
103879.3,0.09626556,2025-05-14 00:24:53,1747182293.371273,sell,market,83030194
103871.8,0.98543241,2025-05-14 00:24:53,1747182293.371273,sell,market,83030200
103879.3,0.09626556,2025-05-14 00:24:53,1747182293.371273,sell,market,83030193
103877.7,0.00024066,2025-05-14 00:24:53,1747182293.371273,sell,market,83030196
103871.6,0.00261343,2025-05-14 00:24:53,1747182293.371273,sell,market,83030202
103871.8,3.8281905,2025-05-14 00:24:53,1747182293.371273,sell,market,83030201
103879.5,0.09733776,2025-05-14 00:24:53,1747182293.371273,sell,market,83030192
103872.0,0.00239675,2025-05-14 00:24:53,1747182293.371273,sell,market,83030199
103890.4,0.001,2025-05-14 00:24:56,1747182296.3751485,sell,market,83030210
103890.3,0.06869511,2025-05-14 00:24:56,1747182296.3751485,sell,market,83030211
103890.4,0.0001,2025-05-14 00:24:56,1747182296.3751485,sell,market,83030209
103890.4,0.05091,2025-05-14 00:24:56,1747182296.3751485,sell,market,83030208
103890.4,0.006,2025-05-14 00:24:56,1747182296.3751485,sell,market,83030207
103890.4,0.006,2025-05-14 00:24:56,1747182296.3751485,sell,market,83030206
103890.4,0.0016,2025-05-14 00:24:56,1747182296.3751485,sell,market,83030204
103890.4,5.646e-05,2025-05-14 00:24:56,1747182296.3751485,sell,market,83030205
103890.4,5.053e-05,2025-05-14 00:24:59,1747182299.7347403,sell,market,83030213
103890.4,5.053e-05,2025-05-14 00:24:59,1747182299.7347403,sell,market,83030212
103880.4,5.685e-05,2025-05-14 00:24:59,1747182299.7347405,sell,market,83030220
103875.0,6.536e-05,2025-05-14 00:24:59,1747182299.7347405,sell,market,83030222
103884.0,5.053e-05,2025-05-14 00:24:59,1747182299.7347405,sell,market,83030219
103890.3,0.02860744,2025-05-14 00:24:59,1747182299.7347405,sell,market,83030218
103890.3,0.03769745,2025-05-14 00:24:59,1747182299.7347405,sell,market,83030217
103890.4,0.0001,2025-05-14 00:24:59,1747182299.7347405,sell,market,83030216
103890.4,5.053e-05,2025-05-14 00:24:59,1747182299.7347405,sell,market,83030215
103890.4,5.053e-05,2025-05-14 00:24:59,1747182299.7347405,sell,market,83030214
103880.3,0.03322025,2025-05-14 00:24:59,1747182299.7347405,sell,market,83030221
103878.0,5.684e-05,2025-05-14 00:25:00,1747182300.4687576,sell,market,83030223
103878.0,0.04483816,2025-05-14 00:25:00,1747182300.4687576,sell,market,83030224
103878.1,0.00176401,2025-05-14 00:25:02,1747182302.000832,buy,market,83030225
103878.1,0.00040441,2025-05-14 00:25:13,1747182313.4567046,buy,limit,83030226
103878.1,0.00152245,2025-05-14 00:25:14,1747182314.0732005,buy,market,83030228
103878.1,0.00055758,2025-05-14 00:25:14,1747182314.0732005,buy,market,83030227
103890.1,5.671e-05,2025-05-14 00:25:27,1747182327.9129837,sell,limit,83030229
103890.1,0.02689484,2025-05-14 00:25:27,1747182327.912984,sell,limit,83030230
103890.2,0.00187816,2025-05-14 00:25:28,1747182328.7273993,buy,limit,83030231
103890.1,0.044895,2025-05-14 00:25:30,1747182330.9591844,sell,market,83030232
103890.1,0.0001,2025-05-14 00:25:32,1747182332.246631,sell,market,83030234
103890.1,0.001,2025-05-14 00:25:32,1747182332.246631,sell,market,83030233
103882.4,0.03101688,2025-05-14 00:25:32,1747182332.2466311,sell,market,83030236
103875.0,0.06200043,2025-05-14 00:25:32,1747182332.2466311,sell,market,83030238
103875.0,0.0058261,2025-05-14 00:25:32,1747182332.2466311,sell,market,83030237
103882.5,5.659e-05,2025-05-14 00:25:32,1747182332.2466311,sell,market,83030235
103866.5,0.0008,2025-05-14 00:25:39,1747182339.3850322,sell,market,83030242
103873.0,0.0001,2025-05-14 00:25:39,1747182339.3850322,sell,market,83030241
103873.0,0.001,2025-05-14 00:25:39,1747182339.3850322,sell,market,83030240
103873.0,5.054e-05,2025-05-14 00:25:39,1747182339.3850322,sell,market,83030239
103866.3,0.00213546,2025-05-14 00:25:39,1747182339.3850324,sell,market,83030243
103866.3,0.01180989,2025-05-14 00:25:40,1747182340.0527077,sell,market,83030244
103857.7,0.00024071,2025-05-14 00:25:40,1747182340.0528092,sell,market,83030247
103856.9,0.00019258,2025-05-14 00:25:40,1747182340.0528092,sell,market,83030248
103866.3,0.00384075,2025-05-14 00:25:40,1747182340.0528092,sell,market,83030245
103862.0,5.054e-05,2025-05-14 00:25:40,1747182340.0528092,sell,market,83030246
103850.1,5.692e-05,2025-05-14 00:25:40,1747182340.0528095,sell,market,83030254
103850.0,0.00019258,2025-05-14 00:25:40,1747182340.0528095,sell,market,83030256
103853.8,0.01778889,2025-05-14 00:25:40,1747182340.0528095,sell,market,83030249
103841.5,0.00337109,2025-05-14 00:25:40,1747182340.0528095,sell,market,83030258
103847.4,0.1,2025-05-14 00:25:40,1747182340.0528095,sell,market,83030257
103841.4,0.00561915,2025-05-14 00:25:40,1747182340.0528095,sell,market,83030259
103851.0,5.055e-05,2025-05-14 00:25:40,1747182340.0528095,sell,market,83030253
103850.0,0.07056129,2025-05-14 00:25:40,1747182340.0528095,sell,market,83030255
103851.1,0.009244,2025-05-14 00:25:40,1747182340.0528095,sell,market,83030252
103852.3,0.01020697,2025-05-14 00:25:40,1747182340.0528095,sell,market,83030251
103852.6,0.02731759,2025-05-14 00:25:40,1747182340.0528095,sell,market,83030250
103850.2,0.001,2025-05-14 00:25:41,1747182341.2677083,buy,limit,83030260
103850.1,1.565e-05,2025-05-14 00:25:43,1747182343.2297108,sell,market,83030262
103850.1,0.0001,2025-05-14 00:25:43,1747182343.2297108,sell,market,83030261
103850.1,0.00011331,2025-05-14 00:25:44,1747182344.5353634,sell,market,83030263
103850.1,0.00011107,2025-05-14 00:25:45,1747182345.707221,sell,market,83030264
103850.1,0.00011555,2025-05-14 00:25:46,1747182346.6283681,sell,market,83030265
103850.2,0.00010407,2025-05-14 00:25:46,1747182346.857757,buy,market,83030266
103850.2,0.00145435,2025-05-14 00:25:48,1747182348.0148234,buy,market,83030267
103850.2,0.00048613,2025-05-14 00:25:51,1747182351.1956143,buy,limit,83030268
103850.1,0.0001,2025-05-14 00:25:54,1747182354.8755796,sell,market,83030269
103850.1,9.179e-05,2025-05-14 00:25:54,1747182354.8755796,sell,market,83030270
103850.2,0.00270477,2025-05-14 00:25:56,1747182356.6986024,buy,market,83030271
103850.2,9.37e-06,2025-05-14 00:25:57,1747182357.567641,buy,limit,83030272
103850.2,0.00240638,2025-05-14 00:25:57,1747182357.9835284,buy,limit,83030273
103850.2,0.00160879,2025-05-14 00:26:03,1747182363.3802502,buy,market,83030274
103850.2,0.00649758,2025-05-14 00:26:05,1747182365.0144656,buy,market,83030275
103850.1,0.02325976,2025-05-14 00:26:11,1747182371.086131,sell,market,83030279
103850.1,0.0001,2025-05-14 00:26:11,1747182371.086131,sell,market,83030277
103850.1,5.403e-05,2025-05-14 00:26:11,1747182371.086131,sell,market,83030278
103850.1,0.00090821,2025-05-14 00:26:11,1747182371.086131,sell,market,83030276
103841.4,0.00111,2025-05-14 00:26:29,1747182389.2803247,sell,market,83030280
103841.4,0.00042858,2025-05-14 00:26:39,1747182399.093091,sell,limit,83030281
103841.5,9.49e-06,2025-05-14 00:26:42,1747182402.0397964,buy,limit,83030282
103841.4,9.311e-05,2025-05-14 00:26:42,1747182402.9242153,sell,limit,83030283
103841.5,9.4e-06,2025-05-14 00:26:43,1747182403.146515,buy,limit,83030284
103841.4,0.000468,2025-05-14 00:26:49,1747182409.2623184,sell,market,83030285
103841.4,0.000114,2025-05-14 00:26:51,1747182411.703895,sell,market,83030286
103841.4,7.631e-05,2025-05-14 00:26:54,1747182414.0283103,sell,limit,83030288
103841.4,0.00981648,2025-05-14 00:26:54,1747182414.0283103,sell,limit,83030287
103841.4,0.32710329,2025-05-14 00:26:54,1747182414.0283103,sell,limit,83030290
103841.4,5.638e-05,2025-05-14 00:26:54,1747182414.0283103,sell,limit,83030289
103841.4,0.00030033,2025-05-14 00:26:54,1747182414.2777176,sell,market,83030291
103841.4,0.0144451,2025-05-14 00:26:54,1747182414.2856457,sell,market,83030292
103840.1,0.0019,2025-05-14 00:27:07,1747182427.1598747,buy,limit,83030293
103840.1,0.0002464,2025-05-14 00:27:07,1747182427.1598747,buy,limit,83030294
103840.1,0.0002464,2025-05-14 00:27:07,1747182427.1598747,buy,limit,83030294
103841.3,0.00073815,2025-05-14 00:27:08,1747182428.5833073,buy,market,83030296
103840.1,0.00155084,2025-05-14 00:27:08,1747182428.5833073,buy,market,83030295
103841.4,0.25443997,2025-05-14 00:27:10,1747182430.618249,sell,limit,83030301
103841.4,5.612e-05,2025-05-14 00:27:10,1747182430.618249,sell,limit,83030300
103841.4,0.2531,2025-05-14 00:27:10,1747182430.618249,sell,limit,83030298
103841.4,0.38,2025-05-14 00:27:10,1747182430.618249,sell,limit,83030297
103841.4,0.52555126,2025-05-14 00:27:10,1747182430.618249,sell,limit,83030299
103841.4,0.01017821,2025-05-14 00:27:10,1747182430.6182492,sell,limit,83030303
103841.4,0.01638901,2025-05-14 00:27:10,1747182430.6182492,sell,limit,83030305
103841.4,0.00107624,2025-05-14 00:27:10,1747182430.6182492,sell,limit,83030302
103841.4,0.03708051,2025-05-14 00:27:10,1747182430.6182492,sell,limit,83030306
103841.4,0.72202419,2025-05-14 00:27:10,1747182430.6182492,sell,limit,83030304
103841.5,0.00130433,2025-05-14 00:27:16,1747182436.6142182,buy,limit,83030307
103841.5,0.00011556,2025-05-14 00:27:26,1747182446.5817595,buy,market,83030308
103855.0,0.000663,2025-05-14 00:27:33,1747182453.7240283,buy,market,83030310
103841.5,1.962e-05,2025-05-14 00:27:33,1747182453.7240283,buy,market,83030309
103870.3,1.05194945,2025-05-14 00:27:41,1747182461.980757,buy,market,83030312
103862.0,5.055e-05,2025-05-14 00:27:41,1747182461.980757,buy,market,83030311
103872.1,5.562e-05,2025-05-14 00:27:49,1747182469.0224214,sell,limit,83030313
103872.1,0.0001,2025-05-14 00:27:49,1747182469.0224216,sell,limit,83030314
103872.1,0.00067072,2025-05-14 00:27:49,1747182469.0224216,sell,limit,83030315
103872.2,0.0046962,2025-05-14 00:27:50,1747182470.4589777,buy,limit,83030316
103872.2,0.00257139,2025-05-14 00:27:51,1747182471.542196,buy,limit,83030317
103872.2,0.00050539,2025-05-14 00:27:53,1747182473.6028087,buy,market,83030318
103872.1,0.0001,2025-05-14 00:27:57,1747182477.4753613,sell,market,83030319
103840.1,5.539e-05,2025-05-14 00:27:57,1747182477.4753613,sell,market,83030322
103840.0,1.506e-05,2025-05-14 00:27:57,1747182477.4753613,sell,market,83030323
103872.1,0.001,2025-05-14 00:27:57,1747182477.4753613,sell,market,83030320
103851.0,5.055e-05,2025-05-14 00:27:57,1747182477.4753613,sell,market,83030321
103847.0,0.00325878,2025-05-14 00:28:01,1747182481.472476,buy,market,83030324
103847.0,0.00048148,2025-05-14 00:28:02,1747182482.5556982,buy,market,83030325
103846.9,7.942e-05,2025-05-14 00:28:05,1747182485.6834846,sell,market,83030327
103846.9,5.539e-05,2025-05-14 00:28:05,1747182485.6834846,sell,market,83030326
103847.0,0.01877862,2025-05-14 00:28:09,1747182489.0304456,buy,limit,83030328
103846.9,5.085e-05,2025-05-14 00:28:16,1747182496.4048898,sell,limit,83030330
103846.9,2.058e-05,2025-05-14 00:28:16,1747182496.4048898,sell,limit,83030329
103847.0,0.00048148,2025-05-14 00:28:18,1747182498.052737,buy,market,83030331
103847.0,0.00048148,2025-05-14 00:28:29,1747182509.6498158,buy,market,83030332
103846.9,0.000416,2025-05-14 00:28:37,1747182517.537531,sell,limit,83030333
103847.0,0.00505,2025-05-14 00:28:42,1747182522.3974757,buy,limit,83030334
103856.5,9.024e-05,2025-05-14 00:28:50,1747182530.9696028,sell,limit,83030336
103856.5,5.534e-05,2025-05-14 00:28:50,1747182530.9696028,sell,limit,83030335
103856.6,0.00019257,2025-05-14 00:28:57,1747182537.1316211,buy,market,83030337
103856.6,0.02818145,2025-05-14 00:28:58,1747182538.8191998,buy,limit,83030338
103862.0,0.00243794,2025-05-14 00:29:01,1747182541.2578459,buy,market,83030340
103862.0,5.055e-05,2025-05-14 00:29:01,1747182541.2578459,buy,market,83030339
103862.0,0.00096282,2025-05-14 00:29:03,1747182543.5687537,buy,market,83030341
103862.0,0.0024546,2025-05-14 00:29:05,1747182545.6884553,buy,limit,83030342
103862.0,0.00592364,2025-05-14 00:29:09,1747182549.66521,buy,market,83030343
103861.9,0.00028884,2025-05-14 00:29:10,1747182550.2199512,sell,market,83030344
103861.9,0.00051413,2025-05-14 00:29:11,1747182551.351124,sell,market,83030349
103861.9,0.00055964,2025-05-14 00:29:11,1747182551.351124,sell,market,83030345
103861.9,0.0001,2025-05-14 00:29:11,1747182551.351124,sell,market,83030346
103861.9,0.001,2025-05-14 00:29:11,1747182551.351124,sell,market,83030347
103861.9,5.523e-05,2025-05-14 00:29:11,1747182551.351124,sell,market,83030348
103862.0,0.00948637,2025-05-14 00:29:13,1747182553.1608284,buy,limit,83030350
103861.9,0.0014891,2025-05-14 00:29:21,1747182561.285009,sell,market,83030351
103861.9,5.521e-05,2025-05-14 00:29:21,1747182561.285009,sell,market,83030353
103861.9,0.0001,2025-05-14 00:29:21,1747182561.285009,sell,market,83030352
103846.9,0.73738399,2025-05-14 00:29:21,1747182561.285009,sell,market,83030355
103851.0,5.055e-05,2025-05-14 00:29:21,1747182561.285009,sell,market,83030354
103862.0,8.617e-05,2025-05-14 00:29:25,1747182565.1866152,buy,market,83030356
103861.9,0.00039479,2025-05-14 00:29:26,1747182566.2556663,sell,market,83030359
103861.9,5.521e-05,2025-05-14 00:29:26,1747182566.2556663,sell,market,83030357
103861.9,0.0001,2025-05-14 00:29:26,1747182566.2556663,sell,market,83030358
103861.9,0.000291,2025-05-14 00:29:27,1747182567.3927553,sell,limit,83030360
103862.0,0.00096282,2025-05-14 00:29:29,1747182569.844978,buy,market,83030361
103861.9,0.00031421,2025-05-14 00:29:34,1747182574.939296,sell,limit,83030362
103861.9,0.0045217,2025-05-14 00:29:34,1747182574.939296,sell,limit,83030363
103894.9,5.053e-05,2025-05-14 00:29:48,1747182588.0364938,buy,limit,83030369
103901.2,0.00046619,2025-05-14 00:29:48,1747182588.0364938,buy,limit,83030370
103884.1,5.054e-05,2025-05-14 00:29:48,1747182588.0364938,buy,limit,83030368
103862.0,5.055e-05,2025-05-14 00:29:48,1747182588.0364938,buy,limit,83030365
103862.0,0.00013647,2025-05-14 00:29:48,1747182588.0364938,buy,limit,83030364
103880.4,0.0001,2025-05-14 00:29:48,1747182588.0364938,buy,limit,83030367
103872.9,5.054e-05,2025-05-14 00:29:48,1747182588.0364938,buy,limit,83030366
103901.1,0.00017724,2025-05-14 00:29:49,1747182589.0579095,sell,limit,83030371
103901.4,0.00384489,2025-05-14 00:29:49,1747182589.5048163,sell,limit,83030372
103901.5,0.00022738,2025-05-14 00:29:54,1747182594.9559853,buy,limit,83030373
103909.0,0.08537394,2025-05-14 00:29:55,1747182595.0996423,buy,limit,83030376
103901.5,0.00939262,2025-05-14 00:29:55,1747182595.0996423,buy,limit,83030374
103906.0,5.053e-05,2025-05-14 00:29:55,1747182595.0996423,buy,limit,83030375
103911.5,0.00072066,2025-05-14 00:29:57,1747182597.1524873,buy,limit,83030377
103911.4,6.344e-05,2025-05-14 00:30:02,1747182602.4836223,sell,limit,83030378
103911.4,0.00067673,2025-05-14 00:30:02,1747182602.4836223,sell,limit,83030379
103901.4,0.02638695,2025-05-14 00:30:05,1747182605.5005505,sell,limit,83030385
103911.4,6.335e-05,2025-05-14 00:30:05,1747182605.5005505,sell,limit,83030383
103901.5,0.00962,2025-05-14 00:30:05,1747182605.5005505,sell,limit,83030384
103911.4,0.001,2025-05-14 00:30:05,1747182605.5005505,sell,limit,83030382
103911.4,0.0001,2025-05-14 00:30:05,1747182605.5005505,sell,limit,83030381
103911.4,0.01664656,2025-05-14 00:30:05,1747182605.5005505,sell,limit,83030380
103901.6,0.01877771,2025-05-14 00:30:07,1747182607.6466765,buy,limit,83030386
103901.5,6.851e-05,2025-05-14 00:30:11,1747182611.5225093,sell,market,83030388
103901.5,6.349e-05,2025-05-14 00:30:11,1747182611.5225093,sell,market,83030387
103901.6,0.00230732,2025-05-14 00:30:17,1747182617.977835,buy,market,83030389
103901.6,1.896e-05,2025-05-14 00:30:20,1747182620.0424893,buy,limit,83030390
103901.6,0.00093897,2025-05-14 00:30:33,1747182633.7349496,buy,limit,83030391
103901.6,0.00469487,2025-05-14 00:30:34,1747182634.5467675,buy,limit,83030392
103901.6,8.802e-05,2025-05-14 00:30:35,1747182635.246376,buy,limit,83030393
103901.6,9.577e-05,2025-05-14 00:30:42,1747182642.0411046,buy,limit,83030394
103901.6,0.00028873,2025-05-14 00:30:49,1747182649.4633043,buy,market,83030395
103901.6,0.00822265,2025-05-14 00:31:01,1747182661.34301,buy,limit,83030396
103901.5,0.0076783,2025-05-14 00:31:02,1747182662.071295,sell,market,83030398
103901.5,3.149e-05,2025-05-14 00:31:02,1747182662.071295,sell,market,83030397
103901.5,0.00070203,2025-05-14 00:31:08,1747182668.8212667,sell,market,83030399
103901.6,0.00469487,2025-05-14 00:31:11,1747182671.9466736,buy,limit,83030400
103901.5,0.0003023,2025-05-14 00:31:12,1747182672.2983227,sell,market,83030401
103901.6,0.00858434,2025-05-14 00:31:12,1747182672.3266022,buy,market,83030402
103901.5,0.0001,2025-05-14 00:31:15,1747182675.2454188,sell,limit,83030407
103901.5,0.00071,2025-05-14 00:31:15,1747182675.2454188,sell,limit,83030409
103901.5,0.001,2025-05-14 00:31:15,1747182675.2454188,sell,limit,83030404
103901.5,0.0003,2025-05-14 00:31:15,1747182675.2454188,sell,limit,83030410
103901.5,0.00076938,2025-05-14 00:31:15,1747182675.2454188,sell,limit,83030408
103901.5,0.00093737,2025-05-14 00:31:15,1747182675.2454188,sell,limit,83030403
103901.5,0.00767,2025-05-14 00:31:15,1747182675.2454188,sell,limit,83030406
103901.4,0.02841701,2025-05-14 00:31:15,1747182675.2454188,sell,limit,83030411
103901.5,9.624e-05,2025-05-14 00:31:15,1747182675.2454188,sell,limit,83030405
103901.4,0.04519604,2025-05-14 00:31:15,1747182675.2643416,sell,limit,83030412
103895.0,5.053e-05,2025-05-14 00:31:15,1747182675.6261642,sell,limit,83030413
103884.0,5.053e-05,2025-05-14 00:31:16,1747182676.4616961,sell,limit,83030414
103873.0,5.054e-05,2025-05-14 00:31:18,1747182678.0344546,sell,limit,83030415
103873.0,0.0001,2025-05-14 00:31:18,1747182678.0344548,sell,limit,83030416
103863.1,0.0001278,2025-05-14 00:31:21,1747182681.844428,buy,limit,83030417
103863.0,0.48457708,2025-05-14 00:31:37,1747182697.8385923,sell,limit,83030418
103863.0,0.0001,2025-05-14 00:31:37,1747182697.8385923,sell,limit,83030419
103862.0,5.054e-05,2025-05-14 00:31:37,1747182697.8385923,sell,limit,83030421
103846.9,1.07458286,2025-05-14 00:31:37,1747182697.8385923,sell,limit,83030425
103851.0,0.1,2025-05-14 00:31:37,1747182697.8385923,sell,limit,83030422
103851.0,5.055e-05,2025-05-14 00:31:37,1747182697.8385923,sell,limit,83030423
103850.0,0.00240731,2025-05-14 00:31:37,1747182697.8385923,sell,limit,83030424
103863.0,0.001,2025-05-14 00:31:37,1747182697.8385923,sell,limit,83030420
103846.9,1.6627616,2025-05-14 00:31:37,1747182697.8401375,sell,limit,83030426
103846.9,1.0954395,2025-05-14 00:31:37,1747182697.8764338,sell,limit,83030427
103846.9,1.15482533,2025-05-14 00:31:37,1747182697.8785107,sell,limit,83030428
103846.9,1.24006507,2025-05-14 00:31:37,1747182697.8864484,sell,limit,83030429
103846.9,1.1182963,2025-05-14 00:31:37,1747182697.891144,sell,limit,83030430
103846.9,1.45308939,2025-05-14 00:31:37,1747182697.8920515,sell,limit,83030431
103846.9,1.25980394,2025-05-14 00:31:37,1747182697.8933365,sell,limit,83030432
103846.9,0.20375202,2025-05-14 00:31:37,1747182697.8961108,sell,limit,83030433
103846.9,0.00188257,2025-05-14 00:31:37,1747182697.8961108,sell,limit,83030434
103846.9,0.00096295,2025-05-14 00:31:37,1747182697.8961108,sell,limit,83030435
103842.3,0.00279927,2025-05-14 00:31:37,1747182697.9793625,buy,limit,83030436
103842.3,0.00028723,2025-05-14 00:31:53,1747182713.3377004,buy,limit,83030437
103842.3,0.00294085,2025-05-14 00:32:08,1747182728.1098154,buy,market,83030438
103842.3,0.000963,2025-05-14 00:32:09,1747182729.922605,buy,market,83030439
103849.3,0.00096293,2025-05-14 00:32:15,1747182735.490629,buy,market,83030440
103862.0,5.055e-05,2025-05-14 00:32:22,1747182742.3472075,buy,market,83030441
103862.0,0.00091227,2025-05-14 00:32:22,1747182742.3472078,buy,market,83030442
103885.1,0.00086153,2025-05-14 00:32:28,1747182748.452316,buy,market,83030445
103884.0,5.054e-05,2025-05-14 00:32:28,1747182748.452316,buy,market,83030444
103873.1,5.054e-05,2025-05-14 00:32:28,1747182748.452316,buy,market,83030443
103885.1,0.00027306,2025-05-14 00:32:29,1747182749.2395256,buy,limit,83030446
103885.0,0.004224,2025-05-14 00:32:29,1747182749.7253428,sell,market,83030447
103885.1,0.0009626,2025-05-14 00:32:34,1747182754.2322032,buy,market,83030448
103889.4,0.00096256,2025-05-14 00:32:39,1747182759.8217654,buy,market,83030449
103895.0,5.053e-05,2025-05-14 00:32:47,1747182767.0367272,buy,market,83030450
103895.0,0.00091198,2025-05-14 00:32:47,1747182767.0367272,buy,market,83030451
103895.0,0.00027223,2025-05-14 00:32:48,1747182768.1041057,buy,limit,83030452
103900.5,0.005082,2025-05-14 00:32:52,1747182772.2948186,sell,market,83030453
103901.4,0.00044133,2025-05-14 00:32:52,1747182772.9155245,sell,market,83030454
103901.5,0.00096245,2025-05-14 00:32:54,1747182774.7372715,buy,market,83030455
103901.4,0.00288753,2025-05-14 00:32:54,1747182774.944177,sell,market,83030456
103901.5,0.00096245,2025-05-14 00:33:00,1747182780.6880033,buy,market,83030457
103901.5,0.00092234,2025-05-14 00:33:04,1747182784.611817,buy,market,83030458
103901.5,0.00096,2025-05-14 00:33:06,1747182786.886909,buy,limit,83030460
103901.5,0.00677276,2025-05-14 00:33:06,1747182786.886909,buy,limit,83030459
103901.5,0.25257,2025-05-14 00:33:06,1747182786.8869092,buy,limit,83030461
103901.5,0.249764,2025-05-14 00:33:06,1747182786.8869092,buy,limit,83030464
103901.5,0.00096,2025-05-14 00:33:06,1747182786.8869092,buy,limit,83030463
103901.5,0.302241,2025-05-14 00:33:06,1747182786.8869092,buy,limit,83030462
103901.5,0.62779024,2025-05-14 00:33:06,1747182786.8869092,buy,limit,83030465
103901.4,6.4e-05,2025-05-14 00:33:34,1747182814.434597,sell,market,83030466
103901.4,0.000593,2025-05-14 00:33:34,1747182814.434597,sell,market,83030467
103901.5,0.0087,2025-05-14 00:33:46,1747182826.944577,buy,market,83030469
103901.5,0.00092,2025-05-14 00:33:46,1747182826.944577,buy,market,83030468
103917.0,5.053e-05,2025-05-14 00:33:46,1747182826.944577,buy,market,83030471
103906.0,5.053e-05,2025-05-14 00:33:46,1747182826.944577,buy,market,83030470
103928.0,5.053e-05,2025-05-14 00:33:46,1747182826.9445772,buy,market,83030472
103935.9,0.20647233,2025-05-14 00:33:46,1747182826.9445772,buy,market,83030473
103938.2,5.969e-05,2025-05-14 00:33:49,1747182829.1640768,sell,market,83030474
103938.2,2.185e-05,2025-05-14 00:33:49,1747182829.1640768,sell,market,83030475
103938.3,0.00100771,2025-05-14 00:34:05,1747182845.1191254,buy,limit,83030477
103938.3,0.00038877,2025-05-14 00:34:05,1747182845.1191254,buy,limit,83030476
103938.3,5.773e-05,2025-05-14 00:34:08,1747182848.202476,buy,market,83030478
103938.3,0.00076193,2025-05-14 00:34:20,1747182860.9967384,buy,market,83030479
103938.2,0.00038443,2025-05-14 00:34:29,1747182869.3355556,sell,market,83030480
103938.2,4.064e-05,2025-05-14 00:34:36,1747182876.9686465,sell,market,83030484
103938.2,0.0001,2025-05-14 00:34:36,1747182876.9686465,sell,market,83030482
103938.2,0.001,2025-05-14 00:34:36,1747182876.9686465,sell,market,83030483
103938.2,0.00031836,2025-05-14 00:34:36,1747182876.9686465,sell,market,83030481
103938.3,5e-05,2025-05-14 00:34:56,1747182896.5982645,buy,market,83030485
103938.9,1.578e-05,2025-05-14 00:35:10,1747182910.1307528,sell,limit,83030486
103950.0,5.051e-05,2025-05-14 00:35:11,1747182911.0832148,buy,limit,83030488
103961.0,5.05e-05,2025-05-14 00:35:11,1747182911.0832148,buy,limit,83030489
103971.9,5.049e-05,2025-05-14 00:35:11,1747182911.0832148,buy,limit,83030490
103939.0,5.053e-05,2025-05-14 00:35:11,1747182911.0832148,buy,limit,83030487
103980.9,0.00161581,2025-05-14 00:35:11,1747182911.083215,buy,limit,83030491
103980.8,0.00224628,2025-05-14 00:35:11,1747182911.1248357,sell,limit,83030493
103980.8,5.868e-05,2025-05-14 00:35:11,1747182911.1248357,sell,limit,83030492
103983.0,5.049e-05,2025-05-14 00:35:40,1747182940.4719582,buy,limit,83030494
104000.0,0.00278727,2025-05-14 00:35:40,1747182940.4719582,buy,limit,83030496
103994.1,5.048e-05,2025-05-14 00:35:40,1747182940.4719582,buy,limit,83030495
103999.9,0.01956733,2025-05-14 00:35:52,1747182952.259376,sell,limit,83030497
104010.3,0.03001561,2025-05-14 00:35:52,1747182952.6276476,buy,market,83030501
104005.0,5.048e-05,2025-05-14 00:35:52,1747182952.6276476,buy,market,83030500
104002.5,0.00961,2025-05-14 00:35:52,1747182952.6276476,buy,market,83030499
104018.9,0.05751642,2025-05-14 00:35:52,1747182952.6276476,buy,market,83030504
104000.0,0.00252195,2025-05-14 00:35:52,1747182952.6276476,buy,market,83030498
104015.9,5.047e-05,2025-05-14 00:35:52,1747182952.6276476,buy,market,83030503
104015.3,0.00023507,2025-05-14 00:35:52,1747182952.6276476,buy,market,83030502
104019.0,0.00019636,2025-05-14 00:35:54,1747182954.9240153,buy,limit,83030505
104018.9,6.013e-05,2025-05-14 00:35:55,1747182955.101811,sell,market,83030506
104018.9,0.00013244,2025-05-14 00:35:55,1747182955.101811,sell,market,83030507
104018.9,0.000238,2025-05-14 00:35:56,1747182956.6697996,sell,market,83030508
104018.9,0.00038498,2025-05-14 00:35:58,1747182958.9816976,sell,limit,83030509
104019.0,0.00293932,2025-05-14 00:36:03,1747182963.5899272,buy,limit,83030510
104018.9,4.122e-05,2025-05-14 00:36:13,1747182973.9449346,sell,limit,83030512
104018.9,0.0001,2025-05-14 00:36:13,1747182973.9449346,sell,limit,83030511
104005.0,5.047e-05,2025-05-14 00:36:18,1747182978.1236768,sell,market,83030516
104002.5,0.00961,2025-05-14 00:36:18,1747182978.1236768,sell,market,83030517
104018.9,6.069e-05,2025-05-14 00:36:18,1747182978.1236768,sell,market,83030515
104018.9,0.001,2025-05-14 00:36:18,1747182978.1236768,sell,market,83030513
103998.8,0.00044891,2025-05-14 00:36:18,1747182978.1236768,sell,market,83030518
104018.9,0.0001,2025-05-14 00:36:18,1747182978.1236768,sell,market,83030514
104001.6,0.00033186,2025-05-14 00:36:21,1747182981.1975815,buy,market,83030519
104001.6,0.00188805,2025-05-14 00:36:27,1747182987.172757,buy,limit,83030520
104001.6,0.0021947,2025-05-14 00:36:27,1747182987.172757,buy,limit,83030521
104001.6,0.00658951,2025-05-14 00:36:30,1747182990.4771798,buy,market,83030522
104001.6,0.00601314,2025-05-14 00:36:30,1747182990.5223794,buy,limit,83030523
104001.6,0.00198306,2025-05-14 00:36:37,1747182997.147785,buy,limit,83030525
104001.6,0.00020265,2025-05-14 00:36:37,1747182997.147785,buy,limit,83030524
104001.5,6.071e-05,2025-05-14 00:36:38,1747182998.8888478,sell,limit,83030526
104001.5,0.00023352,2025-05-14 00:36:38,1747182998.8888478,sell,limit,83030528
104001.5,0.0001,2025-05-14 00:36:38,1747182998.8888478,sell,limit,83030527
103983.0,5.048e-05,2025-05-14 00:36:49,1747183009.2727213,sell,market,83030532
103979.8,0.00712347,2025-05-14 00:36:49,1747183009.2727213,sell,market,83030533
103994.0,5.048e-05,2025-05-14 00:36:49,1747183009.2727213,sell,market,83030531
104001.5,0.0001,2025-05-14 00:36:49,1747183009.2727213,sell,market,83030529
104001.5,0.001,2025-05-14 00:36:49,1747183009.2727213,sell,market,83030530
103972.1,0.00193192,2025-05-14 00:37:08,1747183028.533567,buy,limit,83030534
103972.1,0.00024143,2025-05-14 00:37:12,1747183032.064004,buy,limit,83030535
103972.0,5.049e-05,2025-05-14 00:37:16,1747183036.1469245,sell,market,83030536
103972.0,9.551e-05,2025-05-14 00:37:16,1747183036.1469245,sell,market,83030537
103972.1,0.000608,2025-05-14 00:37:16,1747183036.801011,buy,market,83030538
103972.0,4.49e-06,2025-05-14 00:37:23,1747183043.0421827,sell,market,83030539
103972.0,0.00025913,2025-05-14 00:37:23,1747183043.0421827,sell,market,83030540
103961.0,4.809e-05,2025-05-14 00:37:27,1747183047.7732985,sell,limit,83030542
103961.0,5.049e-05,2025-05-14 00:37:27,1747183047.7732985,sell,limit,83030541
103961.1,0.00029912,2025-05-14 00:37:27,1747183047.8888268,buy,market,83030543
103961.0,0.00015656,2025-05-14 00:37:42,1747183062.2178233,sell,limit,83030545
103961.0,0.0001,2025-05-14 00:37:42,1747183062.2178233,sell,limit,83030544
103951.8,0.00118549,2025-05-14 00:37:44,1747183064.5192916,sell,limit,83030549
103961.0,0.0001,2025-05-14 00:37:44,1747183064.5192916,sell,limit,83030548
103961.0,5.678e-05,2025-05-14 00:37:44,1747183064.5192916,sell,limit,83030547
103961.0,0.00084344,2025-05-14 00:37:44,1747183064.5192916,sell,limit,83030546
103961.1,0.00044923,2025-05-14 00:37:53,1747183073.7644105,buy,limit,83030550
103961.1,0.00236518,2025-05-14 00:38:04,1747183084.8897953,buy,market,83030551
103961.1,0.00592396,2025-05-14 00:38:14,1747183094.1079662,buy,limit,83030552
103961.0,0.00013,2025-05-14 00:38:16,1747183096.3719158,sell,market,83030554
103961.0,0.0001,2025-05-14 00:38:16,1747183096.3719158,sell,market,83030553
103961.1,0.002555,2025-05-14 00:38:19,1747183099.8450015,buy,market,83030555
103961.1,0.00727945,2025-05-14 00:38:21,1747183101.9919565,buy,market,83030556
103961.1,0.00085979,2025-05-14 00:38:23,1747183103.071094,buy,market,83030557
103961.1,9.477e-05,2025-05-14 00:38:29,1747183109.4195025,buy,limit,83030558
103961.0,7.1e-05,2025-05-14 00:38:29,1747183109.8070369,sell,market,83030560
103961.0,0.0001,2025-05-14 00:38:29,1747183109.8070369,sell,market,83030559
103950.0,5.05e-05,2025-05-14 00:38:32,1747183112.4547443,sell,market,83030564
103939.0,5.051e-05,2025-05-14 00:38:32,1747183112.4547443,sell,market,83030565
103961.0,9.618e-05,2025-05-14 00:38:32,1747183112.4547443,sell,market,83030563
103961.0,0.000929,2025-05-14 00:38:32,1747183112.4547443,sell,market,83030561
103961.0,0.0001,2025-05-14 00:38:32,1747183112.4547443,sell,market,83030562
103917.0,5.052e-05,2025-05-14 00:38:32,1747183112.4547443,sell,market,83030570
103921.7,0.01167461,2025-05-14 00:38:32,1747183112.4547443,sell,market,83030569
103921.8,5.907e-05,2025-05-14 00:38:32,1747183112.4547443,sell,market,83030568
103938.2,3.632e-05,2025-05-14 00:38:32,1747183112.4547443,sell,market,83030566
103928.0,5.051e-05,2025-05-14 00:38:32,1747183112.4547443,sell,market,83030567
103909.6,0.00443677,2025-05-14 00:38:32,1747183112.4547443,sell,market,83030572
103909.7,8.73e-05,2025-05-14 00:38:32,1747183112.4547443,sell,market,83030571
103921.6,5.932e-05,2025-05-14 00:38:36,1747183116.120739,sell,market,83030573
103921.6,5.168e-05,2025-05-14 00:38:36,1747183116.120739,sell,market,83030574
103921.6,4.832e-05,2025-05-14 00:38:56,1747183136.4445763,sell,market,83030575
103921.6,0.00084968,2025-05-14 00:38:56,1747183136.4445763,sell,market,83030576
103921.7,0.000389,2025-05-14 00:39:03,1747183143.1369061,buy,market,83030577
103921.7,0.00903354,2025-05-14 00:39:11,1747183151.4857965,buy,limit,83030578
103921.7,0.00020653,2025-05-14 00:39:17,1747183157.899915,buy,limit,83030579
103927.8,5.742e-05,2025-05-14 00:39:40,1747183180.2866507,sell,limit,83030580
