price,volume,time,timestamp,type,order_type,trade_id
103829.0,0.00798057,2025-05-14 05:03:52,1747199032.7198813,buy,market,83034873
103829.1,5.056e-05,2025-05-14 05:03:52,1747199032.7198813,buy,market,83034874
103829.7,0.0401247,2025-05-14 05:03:52,1747199032.7198813,buy,market,83034875
103829.6,0.004426,2025-05-14 05:03:56,1747199036.1230056,sell,market,83034876
103829.7,0.00294243,2025-05-14 05:04:01,1747199041.129679,buy,market,83034877
103818.0,5.056e-05,2025-05-14 05:04:12,1747199052.1887174,sell,market,83034880
103829.6,0.0001,2025-05-14 05:04:12,1747199052.1887174,sell,market,83034878
103807.0,5.057e-05,2025-05-14 05:04:12,1747199052.1887174,sell,market,83034881
103800.5,0.00111687,2025-05-14 05:04:12,1747199052.1887174,sell,market,83034882
103829.6,0.001,2025-05-14 05:04:12,1747199052.1887174,sell,market,83034879
103800.6,0.00064512,2025-05-14 05:04:14,1747199054.9409273,buy,market,83034884
103800.6,9.632e-05,2025-05-14 05:04:14,1747199054.9409273,buy,market,83034883
103800.5,0.000273,2025-05-14 05:04:19,1747199059.3859437,sell,market,83034885
103815.3,0.0009238,2025-05-14 05:04:55,1747199095.9513247,buy,market,83034886
103817.9,0.000915,2025-05-14 05:04:58,1747199098.5643282,sell,market,83034887
103840.1,5.056e-05,2025-05-14 05:04:58,1747199098.869413,buy,market,83034893
103838.0,0.00030258,2025-05-14 05:04:58,1747199098.869413,buy,market,83034892
103829.7,0.00775511,2025-05-14 05:04:58,1747199098.869413,buy,market,83034891
103829.0,5.056e-05,2025-05-14 05:04:58,1747199098.869413,buy,market,83034890
103818.0,5.057e-05,2025-05-14 05:04:58,1747199098.869413,buy,market,83034888
103818.0,0.00798045,2025-05-14 05:04:58,1747199098.869413,buy,market,83034889
103843.3,0.08703145,2025-05-14 05:04:58,1747199098.869413,buy,market,83034894
103843.3,9.807e-05,2025-05-14 05:05:01,1747199101.829933,buy,market,83034895
103845.6,0.00034387,2025-05-14 05:05:01,1747199101.8299332,buy,market,83034896
103850.0,9.733e-05,2025-05-14 05:05:16,1747199116.4302394,sell,market,83034897
103850.0,0.00368219,2025-05-14 05:05:16,1747199116.7807407,sell,limit,83034898
103850.1,9.487e-05,2025-05-14 05:05:33,1747199133.0393953,buy,limit,83034899
103850.0,0.001,2025-05-14 05:05:36,1747199136.2382205,sell,limit,83034901
103850.0,0.01127512,2025-05-14 05:05:36,1747199136.2382205,sell,limit,83034902
103850.0,0.0001,2025-05-14 05:05:36,1747199136.2382205,sell,limit,83034900
103850.0,0.000126,2025-05-14 05:05:38,1747199138.7394931,sell,market,83034903
103850.1,0.03661046,2025-05-14 05:05:53,1747199153.6780565,buy,market,83034904
103850.1,0.00035576,2025-05-14 05:06:13,1747199173.2941675,buy,limit,83034905
103850.0,0.01163782,2025-05-14 05:06:35,1747199195.2792864,sell,limit,83034906
103850.0,0.003177,2025-05-14 05:06:37,1747199197.9732857,sell,market,83034907
103850.0,0.01797059,2025-05-14 05:06:40,1747199200.2433097,sell,limit,83034908
103850.0,0.01,2025-05-14 05:06:41,1747199201.4262056,sell,limit,83034909
103850.1,0.00772137,2025-05-14 05:06:46,1747199206.722225,buy,market,83034910
103850.1,0.00100226,2025-05-14 05:06:46,1747199206.722225,buy,market,83034911
103850.1,8.803e-05,2025-05-14 05:06:50,1747199210.6842709,buy,limit,83034912
103850.1,0.005,2025-05-14 05:06:51,1747199211.8816679,buy,market,83034913
103850.1,0.00144439,2025-05-14 05:06:52,1747199212.6384861,buy,market,83034914
103850.0,0.000124,2025-05-14 05:06:53,1747199213.7717147,sell,market,83034915
103850.1,0.00056922,2025-05-14 05:07:00,1747199220.4604535,buy,limit,83034916
103850.1,0.00014211,2025-05-14 05:07:02,1747199222.7783494,buy,market,83034917
103850.1,0.010632,2025-05-14 05:07:09,1747199229.4032748,buy,market,83034918
103850.1,0.00058537,2025-05-14 05:07:10,1747199230.695636,buy,limit,83034919
103850.1,9.487e-05,2025-05-14 05:07:41,1747199261.123925,buy,limit,83034920
103850.0,0.00244343,2025-05-14 05:07:50,1747199270.974869,sell,limit,83034921
103850.1,0.00156481,2025-05-14 05:08:02,1747199282.3718488,buy,market,83034922
103850.0,0.000121,2025-05-14 05:08:38,1747199318.7208974,sell,market,83034923
103850.0,0.0017104,2025-05-14 05:08:45,1747199325.7098238,sell,limit,83034924
103850.1,0.00037116,2025-05-14 05:08:48,1747199328.5497432,buy,limit,83034925
103850.1,9.394e-05,2025-05-14 05:09:05,1747199345.948929,buy,limit,83034926
103850.1,0.03558956,2025-05-14 05:09:12,1747199352.5142343,buy,market,83034927
103850.0,0.000366,2025-05-14 05:09:15,1747199355.4996827,sell,market,83034928
103850.0,0.000207,2025-05-14 05:09:16,1747199356.3454893,sell,market,83034929
103850.1,9.487e-05,2025-05-14 05:09:28,1747199368.7502403,buy,limit,83034930
103850.0,0.000235,2025-05-14 05:09:39,1747199379.2155774,sell,market,83034931
103850.1,1.897e-05,2025-05-14 05:09:59,1747199399.0403078,buy,limit,83034932
103850.0,0.00011569,2025-05-14 05:10:00,1747199400.4892285,sell,market,83034933
103850.0,0.04814636,2025-05-14 05:10:12,1747199412.0195882,sell,limit,83034934
103850.0,0.002526,2025-05-14 05:10:21,1747199421.963455,sell,market,83034935
103850.0,0.030031,2025-05-14 05:10:35,1747199435.4750028,sell,market,83034936
103850.1,0.00047435,2025-05-14 05:10:36,1747199436.0390937,buy,limit,83034937
103850.1,0.00093944,2025-05-14 05:10:42,1747199442.3384676,buy,limit,83034938
103850.0,0.0001,2025-05-14 05:10:42,1747199442.3415325,sell,limit,83034940
103850.0,0.15482994,2025-05-14 05:10:42,1747199442.3415325,sell,limit,83034939
103850.0,9.629e-05,2025-05-14 05:10:42,1747199442.3415325,sell,limit,83034944
103850.0,0.02,2025-05-14 05:10:42,1747199442.3415325,sell,limit,83034943
103850.0,9.629e-05,2025-05-14 05:10:42,1747199442.3415325,sell,limit,83034942
103850.0,0.001,2025-05-14 05:10:42,1747199442.3415325,sell,limit,83034941
103850.0,0.00177178,2025-05-14 05:10:42,1747199442.3415325,sell,limit,83034946
103850.0,0.00481463,2025-05-14 05:10:42,1747199442.3415325,sell,limit,83034945
103850.0,0.00770546,2025-05-14 05:10:42,1747199442.3415325,sell,limit,83034947
103800.5,2.387e-05,2025-05-14 05:10:48,1747199448.4454293,sell,market,83034956
103829.0,0.0001,2025-05-14 05:10:48,1747199448.4454293,sell,market,83034950
103829.0,0.00385354,2025-05-14 05:10:48,1747199448.4454293,sell,market,83034949
103829.0,5.056e-05,2025-05-14 05:10:48,1747199448.4454293,sell,market,83034948
103800.5,0.00824013,2025-05-14 05:10:48,1747199448.4454293,sell,market,83034955
103801.0,0.00129218,2025-05-14 05:10:48,1747199448.4454293,sell,market,83034954
103807.0,5.057e-05,2025-05-14 05:10:48,1747199448.4454293,sell,market,83034953
103818.0,5.056e-05,2025-05-14 05:10:48,1747199448.4454293,sell,market,83034952
103829.0,0.001,2025-05-14 05:10:48,1747199448.4454293,sell,market,83034951
103800.5,0.00108613,2025-05-14 05:11:05,1747199465.6769257,sell,limit,83034957
103800.5,0.00013597,2025-05-14 05:11:05,1747199465.6769257,sell,limit,83034960
103800.5,0.00019267,2025-05-14 05:11:05,1747199465.6769257,sell,limit,83034959
103800.5,0.00027,2025-05-14 05:11:05,1747199465.6769257,sell,limit,83034958
103800.6,0.00094915,2025-05-14 05:11:40,1747199500.0408175,buy,limit,83034961
103800.5,0.00036559,2025-05-14 05:11:57,1747199517.7861478,sell,market,83034964
103800.5,0.0001,2025-05-14 05:11:57,1747199517.7861478,sell,market,83034963
103800.5,0.00179141,2025-05-14 05:11:57,1747199517.7861478,sell,market,83034962
103800.5,0.000128,2025-05-14 05:12:21,1747199541.1238122,sell,market,83034965
103800.6,0.00187978,2025-05-14 05:12:40,1747199560.6067576,buy,limit,83034966
103800.5,0.000193,2025-05-14 05:12:40,1747199560.7402864,sell,market,83034967
103800.5,0.000239,2025-05-14 05:12:47,1747199567.458042,sell,market,83034968
103800.6,0.00044992,2025-05-14 05:13:17,1747199597.9464636,buy,limit,83034969
103800.5,0.00129414,2025-05-14 05:13:27,1747199607.9452384,sell,limit,83034972
103800.5,0.001,2025-05-14 05:13:27,1747199607.9452384,sell,limit,83034971
103800.5,0.00734441,2025-05-14 05:13:27,1747199607.9452384,sell,limit,83034970
103800.6,0.00094915,2025-05-14 05:13:43,1747199623.0378904,buy,limit,83034973
103800.6,0.00018213,2025-05-14 05:13:43,1747199623.8083773,buy,limit,83034974
103800.6,0.00939888,2025-05-14 05:14:01,1747199641.7954197,buy,limit,83034975
103800.6,0.00192147,2025-05-14 05:14:17,1747199657.068956,buy,market,83034976
103800.6,0.1,2025-05-14 05:14:21,1747199661.9419203,buy,market,83034977
103800.5,0.00067671,2025-05-14 05:14:34,1747199674.6743488,sell,limit,83034979
103800.5,6.586e-05,2025-05-14 05:14:34,1747199674.6743488,sell,limit,83034978
103800.6,0.01409833,2025-05-14 05:14:44,1747199684.4243932,buy,limit,83034980
103800.5,0.00024,2025-05-14 05:15:02,1747199702.5965748,sell,market,83034986
103800.5,0.00019,2025-05-14 05:15:02,1747199702.5965748,sell,market,83034985
103800.5,0.00013,2025-05-14 05:15:02,1747199702.5965748,sell,market,83034984
103800.5,0.00036,2025-05-14 05:15:02,1747199702.5965748,sell,market,83034983
103800.5,0.00664502,2025-05-14 05:15:02,1747199702.5965748,sell,market,83034987
103800.5,0.0001,2025-05-14 05:15:02,1747199702.5965748,sell,market,83034982
103800.5,0.00028698,2025-05-14 05:15:02,1747199702.5965748,sell,market,83034981
103800.6,0.00090229,2025-05-14 05:15:09,1747199709.2510042,buy,limit,83034988
103800.6,0.00118644,2025-05-14 05:15:31,1747199731.0317335,buy,limit,83034989
103800.6,0.00094915,2025-05-14 05:15:54,1747199754.052153,buy,limit,83034990
103800.6,0.22116057,2025-05-14 05:16:00,1747199760.2338693,buy,market,83034991
103800.5,0.000666,2025-05-14 05:16:01,1747199761.110302,sell,market,83034992
103800.6,9.027e-05,2025-05-14 05:16:11,1747199771.611863,buy,limit,83034993
103800.5,0.000966,2025-05-14 05:16:11,1747199771.7244058,sell,limit,83034994
103800.5,0.00036298,2025-05-14 05:16:44,1747199804.8677752,sell,limit,83034995
103800.5,0.001,2025-05-14 05:16:44,1747199804.8677752,sell,limit,83034996
103800.5,0.00046527,2025-05-14 05:16:44,1747199804.8677752,sell,limit,83034998
103800.5,7e-05,2025-05-14 05:16:44,1747199804.8677752,sell,limit,83034997
103800.6,0.00072136,2025-05-14 05:17:01,1747199821.4353101,buy,limit,83034999
103800.6,0.00063971,2025-05-14 05:17:49,1747199869.0858507,buy,market,83035000
103800.6,0.00432816,2025-05-14 05:17:49,1747199869.8099487,buy,limit,83035001
103800.6,0.00492974,2025-05-14 05:17:49,1747199869.8099487,buy,limit,83035002
103800.6,0.01217726,2025-05-14 05:17:53,1747199873.6630998,buy,limit,83035003
103800.6,0.00072274,2025-05-14 05:17:53,1747199873.6631,buy,limit,83035004
103800.6,0.00725974,2025-05-14 05:17:55,1747199875.2050836,buy,limit,83035005
103800.6,0.00994026,2025-05-14 05:17:55,1747199875.2050836,buy,limit,83035006
103800.6,0.00805974,2025-05-14 05:17:56,1747199876.15345,buy,limit,83035007
103800.6,0.00456793,2025-05-14 05:17:56,1747199876.15345,buy,limit,83035008
103800.6,0.00798288,2025-05-14 05:17:56,1747199876.15345,buy,limit,83035009
103809.8,0.00228395,2025-05-14 05:18:06,1747199886.7575853,buy,limit,83035010
103809.8,0.0041055,2025-05-14 05:18:06,1747199886.7575853,buy,limit,83035011
103809.7,9.19e-05,2025-05-14 05:18:16,1747199896.3748114,sell,market,83035012
103809.7,0.00516772,2025-05-14 05:18:16,1747199896.3748114,sell,market,83035013
103809.8,0.00114198,2025-05-14 05:18:27,1747199907.821463,buy,limit,83035015
103809.8,0.00878134,2025-05-14 05:18:27,1747199907.821463,buy,limit,83035016
103809.8,0.00387668,2025-05-14 05:18:27,1747199907.821463,buy,limit,83035014
103809.8,0.0138,2025-05-14 05:18:28,1747199908.8196473,buy,limit,83035017
103809.8,0.0172,2025-05-14 05:18:42,1747199922.1530244,buy,limit,83035018
103809.8,0.00196091,2025-05-14 05:18:48,1747199928.0450022,buy,limit,83035019
103809.7,0.00021833,2025-05-14 05:18:48,1747199928.6269867,sell,limit,83035020
103809.8,0.0172,2025-05-14 05:18:53,1747199933.801317,buy,limit,83035021
103809.7,0.00037658,2025-05-14 05:18:59,1747199939.0939763,sell,limit,83035022
103809.8,0.0963,2025-05-14 05:19:05,1747199945.5051837,buy,limit,83035023
103809.8,0.0129,2025-05-14 05:19:06,1747199946.4436436,buy,limit,83035024
103809.8,0.02835852,2025-05-14 05:19:08,1747199948.247083,buy,limit,83035025
103809.7,0.00148515,2025-05-14 05:19:08,1747199948.9029226,sell,limit,83035026
103809.8,5.25e-05,2025-05-14 05:19:16,1747199956.1733668,buy,market,83035027
103809.8,0.00263418,2025-05-14 05:19:18,1747199958.0003963,buy,limit,83035028
103809.8,0.0143,2025-05-14 05:19:18,1747199958.4511476,buy,limit,83035029
103809.8,0.00225901,2025-05-14 05:19:26,1747199966.8151815,buy,limit,83035030
103809.8,0.0013,2025-05-14 05:19:29,1747199969.971468,buy,limit,83035031
103809.7,0.00542244,2025-05-14 05:19:54,1747199994.7521954,sell,market,83035032
103809.7,0.0001,2025-05-14 05:19:54,1747199994.7521954,sell,market,83035033
103809.7,0.001,2025-05-14 05:19:54,1747199994.7521954,sell,market,83035034
103800.5,0.00044,2025-05-14 05:19:54,1747199994.7521956,sell,market,83035041
103800.0,0.02312138,2025-05-14 05:19:54,1747199994.7521956,sell,market,83035042
103800.5,0.00732,2025-05-14 05:19:54,1747199994.7521956,sell,market,83035037
103800.5,0.00024,2025-05-14 05:19:54,1747199994.7521956,sell,market,83035038
103809.7,0.00024082,2025-05-14 05:19:54,1747199994.7521956,sell,market,83035035
103809.7,0.00938124,2025-05-14 05:19:54,1747199994.7521956,sell,market,83035036
103800.5,0.00067,2025-05-14 05:19:54,1747199994.7521956,sell,market,83035039
103800.5,0.00096,2025-05-14 05:19:54,1747199994.7521956,sell,market,83035040
103796.0,5.057e-05,2025-05-14 05:19:54,1747199994.7521956,sell,market,83035043
103789.3,8.974e-05,2025-05-14 05:19:54,1747199994.7521956,sell,market,83035044
103789.2,0.135,2025-05-14 05:19:54,1747199994.7521956,sell,market,83035045
103785.0,5.058e-05,2025-05-14 05:19:54,1747199994.7521956,sell,market,83035046
103785.0,0.03509665,2025-05-14 05:19:54,1747199994.7521956,sell,market,83035047
103787.3,4.794e-05,2025-05-14 05:19:57,1747199997.0392618,buy,limit,83035048
103787.3,0.0002866,2025-05-14 05:19:57,1747199997.5971727,buy,market,83035049
103787.2,0.00145705,2025-05-14 05:20:02,1747200002.3252685,sell,limit,83035050
103787.3,0.00110283,2025-05-14 05:20:02,1747200002.5054867,buy,market,83035051
103787.2,0.001051,2025-05-14 05:20:09,1747200009.9322398,sell,limit,83035052
103787.2,0.00364188,2025-05-14 05:20:11,1747200011.4620554,sell,limit,83035057
103787.2,0.0001,2025-05-14 05:20:11,1747200011.4620554,sell,limit,83035055
103787.2,8.499e-05,2025-05-14 05:20:11,1747200011.4620554,sell,limit,83035054
103787.2,0.00191713,2025-05-14 05:20:11,1747200011.4620554,sell,limit,83035053
103787.2,0.001,2025-05-14 05:20:11,1747200011.4620554,sell,limit,83035056
103787.3,0.00010162,2025-05-14 05:20:18,1747200018.9788504,buy,market,83035058
103787.9,0.01434831,2025-05-14 05:20:20,1747200020.3922822,buy,limit,83035060
103787.3,0.00318059,2025-05-14 05:20:20,1747200020.3922822,buy,limit,83035059
103787.8,0.00010385,2025-05-14 05:20:24,1747200024.3866155,sell,limit,83035061
103787.9,0.0036,2025-05-14 05:20:34,1747200034.1069586,buy,limit,83035062
103787.9,0.04817517,2025-05-14 05:20:43,1747200043.8329713,buy,market,83035063
103787.9,0.00026448,2025-05-14 05:20:52,1747200052.7312622,buy,market,83035064
103787.9,0.01513355,2025-05-14 05:21:25,1747200085.017791,buy,market,83035065
103787.9,0.00056,2025-05-14 05:21:50,1747200110.4293394,buy,market,83035066
103787.9,0.0129,2025-05-14 05:21:53,1747200113.6436286,buy,limit,83035067
103787.9,0.0144,2025-05-14 05:21:54,1747200114.967314,buy,limit,83035068
103787.9,0.00033555,2025-05-14 05:21:55,1747200115.0406566,buy,limit,83035069
103787.9,0.0172,2025-05-14 05:21:55,1747200115.879256,buy,limit,83035070
103787.9,0.00385369,2025-05-14 05:22:01,1747200121.3861635,buy,market,83035071
103799.8,0.00187772,2025-05-14 05:22:01,1747200121.3861635,buy,market,83035073
103795.9,5.058e-05,2025-05-14 05:22:01,1747200121.3861635,buy,market,83035072
103799.8,0.0018,2025-05-14 05:22:07,1747200127.6838903,buy,limit,83035074
103799.7,9.633e-05,2025-05-14 05:22:19,1747200139.1831534,sell,limit,83035075
103799.7,0.00208042,2025-05-14 05:22:19,1747200139.1831534,sell,limit,83035076
103799.8,0.00012685,2025-05-14 05:22:19,1747200139.243354,buy,limit,83035077
103800.5,0.00200363,2025-05-14 05:22:20,1747200140.0342798,buy,limit,83035079
103809.8,0.03647839,2025-05-14 05:22:20,1747200140.0342798,buy,limit,83035081
103807.0,5.057e-05,2025-05-14 05:22:20,1747200140.0342798,buy,limit,83035080
103800.5,0.00963,2025-05-14 05:22:20,1747200140.0342798,buy,limit,83035078
103809.8,0.00452087,2025-05-14 05:22:27,1747200147.7666197,buy,limit,83035082
103809.8,0.00058362,2025-05-14 05:22:28,1747200148.7959657,buy,market,83035083
103809.8,0.00077315,2025-05-14 05:22:29,1747200149.6925871,buy,limit,83035084
103809.8,9.491e-05,2025-05-14 05:22:37,1747200157.034386,buy,limit,83035085
103809.8,0.0143,2025-05-14 05:22:51,1747200171.4224303,buy,limit,83035086
103809.8,0.0143,2025-05-14 05:23:03,1747200183.482291,buy,limit,83035087
103809.8,0.0143,2025-05-14 05:23:15,1747200195.1775389,buy,limit,83035088
103809.8,0.0143,2025-05-14 05:23:15,1747200195.9624577,buy,limit,83035089
103809.8,0.0129,2025-05-14 05:23:16,1747200196.7166822,buy,limit,83035090
103809.8,0.0045,2025-05-14 05:23:27,1747200207.7562506,buy,limit,83035091
103809.8,0.0004,2025-05-14 05:23:39,1747200219.5549822,buy,limit,83035092
103809.8,0.00028087,2025-05-14 05:23:48,1747200228.8401632,buy,limit,83035093
103809.8,0.00094906,2025-05-14 05:24:01,1747200241.5451243,buy,limit,83035094
103809.8,0.00031635,2025-05-14 05:24:22,1747200262.4022522,buy,market,83035095
103809.8,0.0963,2025-05-14 05:24:23,1747200263.6241853,buy,limit,83035096
103809.8,0.0009053,2025-05-14 05:24:24,1747200264.3040423,buy,limit,83035097
103809.8,0.0129,2025-05-14 05:24:24,1747200264.6684616,buy,limit,83035098
103809.8,0.01358693,2025-05-14 05:25:04,1747200304.3099725,buy,market,83035099
103809.8,0.00452046,2025-05-14 05:25:50,1747200350.2018561,buy,limit,83035100
103809.8,0.00093981,2025-05-14 05:25:58,1747200358.5735736,buy,limit,83035101
103809.8,0.04792538,2025-05-14 05:26:03,1747200363.6291056,buy,limit,83035102
103809.8,0.01608596,2025-05-14 05:26:06,1747200366.600743,buy,market,83035103
103809.8,4.699e-05,2025-05-14 05:27:24,1747200444.192232,buy,limit,83035104
103809.8,0.00090221,2025-05-14 05:27:38,1747200458.0731924,buy,limit,83035105
103809.7,0.00089172,2025-05-14 05:27:40,1747200460.0123107,sell,limit,83035106
103809.7,0.00148108,2025-05-14 05:27:40,1747200460.488164,sell,limit,83035107
103809.7,0.00960892,2025-05-14 05:27:51,1747200471.2501955,sell,limit,83035113
103809.7,0.0009633,2025-05-14 05:27:51,1747200471.2501955,sell,limit,83035111
103809.7,0.00045641,2025-05-14 05:27:51,1747200471.2501955,sell,limit,83035112
103809.7,0.0001,2025-05-14 05:27:51,1747200471.2501955,sell,limit,83035110
103809.7,0.001,2025-05-14 05:27:51,1747200471.2501955,sell,limit,83035109
103809.7,0.00433144,2025-05-14 05:27:51,1747200471.2501955,sell,limit,83035108
103809.7,0.0015837,2025-05-14 05:27:51,1747200471.2501955,sell,limit,83035114
103809.7,0.000144,2025-05-14 05:28:09,1747200489.7311363,sell,limit,83035115
103809.8,0.00014236,2025-05-14 05:28:22,1747200502.036597,buy,limit,83035116
103809.7,0.0015,2025-05-14 05:28:27,1747200507.5202048,sell,limit,83035117
103809.8,0.0006308,2025-05-14 05:29:05,1747200545.0276988,buy,limit,83035118
103809.8,0.001,2025-05-14 05:29:18,1747200558.1826985,buy,market,83035119
103809.7,0.05244927,2025-05-14 05:29:31,1747200571.6616096,sell,market,83035124
103809.7,0.00335212,2025-05-14 05:29:31,1747200571.6616096,sell,market,83035121
103809.7,0.001,2025-05-14 05:29:31,1747200571.6616096,sell,market,83035123
103809.7,0.0001,2025-05-14 05:29:31,1747200571.6616096,sell,market,83035122
103809.7,0.00089667,2025-05-14 05:29:31,1747200571.6616096,sell,market,83035120
103809.8,5e-05,2025-05-14 05:29:38,1747200578.3714495,buy,market,83035125
103809.7,0.0002,2025-05-14 05:29:55,1747200595.1901433,sell,market,83035126
103809.8,0.00015,2025-05-14 05:30:00,1747200600.0476067,buy,limit,83035127
103809.8,1.039e-05,2025-05-14 05:30:04,1747200604.2394443,buy,limit,83035128
103809.8,0.00043685,2025-05-14 05:30:14,1747200614.598865,buy,market,83035129
103809.8,0.00026359,2025-05-14 05:30:20,1747200620.6326752,buy,limit,83035130
103809.7,0.0001,2025-05-14 05:30:38,1747200638.0454936,sell,limit,83035133
103808.2,0.0346986,2025-05-14 05:30:38,1747200638.0454936,sell,limit,83035135
103809.7,0.00167605,2025-05-14 05:30:38,1747200638.0454936,sell,limit,83035132
103809.7,0.75959582,2025-05-14 05:30:38,1747200638.0454936,sell,limit,83035131
103809.7,0.001,2025-05-14 05:30:38,1747200638.0454936,sell,limit,83035134
103800.5,0.00037,2025-05-14 05:30:55,1747200655.9745758,sell,market,83035137
103800.5,0.00963,2025-05-14 05:30:55,1747200655.9745758,sell,market,83035136
103800.5,0.00014439,2025-05-14 05:31:02,1747200662.9754653,sell,limit,83035138
103800.6,5e-05,2025-05-14 05:31:23,1747200683.9270954,buy,market,83035139
103800.6,0.00191737,2025-05-14 05:31:25,1747200685.5670435,buy,limit,83035140
103800.6,0.00010597,2025-05-14 05:31:49,1747200709.7469287,buy,market,83035141
103800.6,0.00044992,2025-05-14 05:31:52,1747200712.5226674,buy,limit,83035142
103800.5,0.00019749,2025-05-14 05:31:53,1747200713.7847877,sell,limit,83035143
103800.6,0.00018983,2025-05-14 05:32:02,1747200722.0368938,buy,limit,83035144
103800.6,3.797e-05,2025-05-14 05:32:08,1747200728.0402083,buy,limit,83035145
103800.6,0.00018798,2025-05-14 05:32:12,1747200732.1756911,buy,limit,83035146
103800.5,0.00963,2025-05-14 05:32:28,1747200748.1025715,sell,limit,83035150
103800.5,0.001,2025-05-14 05:32:28,1747200748.1025715,sell,limit,83035149
103800.5,0.00012625,2025-05-14 05:32:28,1747200748.1025715,sell,limit,83035147
103800.5,0.0001,2025-05-14 05:32:28,1747200748.1025715,sell,limit,83035148
103800.5,0.00096338,2025-05-14 05:32:28,1747200748.1025715,sell,limit,83035151
103796.0,5.057e-05,2025-05-14 05:32:28,1747200748.1025715,sell,limit,83035152
103789.0,0.00097795,2025-05-14 05:32:29,1747200749.4987636,sell,limit,83035153
103789.1,0.0009633,2025-05-14 05:32:49,1747200769.6198082,buy,limit,83035154
103789.1,0.00939993,2025-05-14 05:32:59,1747200779.5856407,buy,limit,83035155
103789.0,0.00161508,2025-05-14 05:33:02,1747200782.3953779,sell,limit,83035156
103789.0,9.637e-05,2025-05-14 05:33:03,1747200783.503908,sell,limit,83035157
103785.0,5.058e-05,2025-05-14 05:33:03,1747200783.5062537,sell,limit,83035163
103789.0,0.001,2025-05-14 05:33:03,1747200783.5062537,sell,limit,83035161
103788.9,0.0001,2025-05-14 05:33:03,1747200783.5062537,sell,limit,83035162
103789.0,0.00041916,2025-05-14 05:33:03,1747200783.5062537,sell,limit,83035159
103789.0,0.0001,2025-05-14 05:33:03,1747200783.5062537,sell,limit,83035160
103789.0,0.0262106,2025-05-14 05:33:03,1747200783.5062537,sell,limit,83035158
103774.0,5.059e-05,2025-05-14 05:33:03,1747200783.5094893,sell,limit,83035164
103763.1,0.05265427,2025-05-14 05:33:03,1747200783.6774664,buy,limit,83035165
103763.1,0.0142,2025-05-14 05:33:03,1747200783.893173,buy,limit,83035166
103763.1,0.00018805,2025-05-14 05:33:32,1747200812.7197835,buy,limit,83035167
103763.1,0.00047947,2025-05-14 05:34:17,1747200857.8255117,buy,limit,83035168
103763.1,0.00041734,2025-05-14 05:34:25,1747200865.2903626,buy,market,83035169
103763.1,0.00607003,2025-05-14 05:35:03,1747200903.2201617,buy,market,83035170
103763.1,0.00042122,2025-05-14 05:35:15,1747200915.519945,buy,limit,83035171
103763.1,0.01320333,2025-05-14 05:35:23,1747200923.6560397,buy,limit,83035173
103763.1,0.00749667,2025-05-14 05:35:23,1747200923.6560397,buy,limit,83035172
103763.1,0.00374833,2025-05-14 05:35:25,1747200925.2799516,buy,limit,83035175
103763.1,0.00141867,2025-05-14 05:35:25,1747200925.2799516,buy,limit,83035174
103767.4,0.000233,2025-05-14 05:35:35,1747200935.8068519,buy,limit,83035176
103767.4,0.00164117,2025-05-14 05:35:57,1747200957.3893247,buy,limit,83035177
103783.9,0.02133091,2025-05-14 05:36:02,1747200962.76377,buy,market,83035179
103773.6,0.00093708,2025-05-14 05:36:02,1747200962.76377,buy,market,83035178
103783.9,0.00015883,2025-05-14 05:36:07,1747200967.8252263,buy,limit,83035180
103783.9,0.00028667,2025-05-14 05:36:14,1747200974.3540008,buy,market,83035181
103785.0,5.059e-05,2025-05-14 05:36:17,1747200977.1134808,buy,limit,83035183
103783.9,0.00046854,2025-05-14 05:36:17,1747200977.1134808,buy,limit,83035182
103796.0,0.00043017,2025-05-14 05:36:17,1747200977.1134808,buy,limit,83035184
103796.1,5.058e-05,2025-05-14 05:36:20,1747200980.6738925,buy,market,83035187
103800.6,0.00213475,2025-05-14 05:36:20,1747200980.6738925,buy,market,83035189
103800.5,0.00963,2025-05-14 05:36:20,1747200980.6738925,buy,market,83035188
103796.0,0.00023493,2025-05-14 05:36:20,1747200980.6738925,buy,market,83035186
103796.0,0.00755307,2025-05-14 05:36:20,1747200980.6738925,buy,market,83035185
103800.6,0.00713524,2025-05-14 05:36:28,1747200988.8604395,buy,limit,83035190
103800.6,0.00012922,2025-05-14 05:36:28,1747200988.8604395,buy,limit,83035191
103800.6,0.00563554,2025-05-14 05:36:28,1747200988.8604395,buy,limit,83035192
103800.6,0.00085268,2025-05-14 05:36:30,1747200990.2422469,buy,limit,83035195
103800.6,0.00234732,2025-05-14 05:36:30,1747200990.2422469,buy,limit,83035193
103800.6,0.014,2025-05-14 05:36:30,1747200990.2422469,buy,limit,83035194
103800.6,0.0153,2025-05-14 05:36:31,1747200991.1662757,buy,limit,83035196
103800.6,0.00082895,2025-05-14 05:36:42,1747201002.8323946,buy,limit,83035198
103800.6,7.105e-05,2025-05-14 05:36:42,1747201002.8323946,buy,limit,83035197
103805.3,0.0009,2025-05-14 05:36:53,1747201013.8828495,buy,limit,83035199
103805.3,0.00038067,2025-05-14 05:36:54,1747201014.2270336,buy,market,83035200
103805.2,0.00049292,2025-05-14 05:37:01,1747201021.0239756,sell,market,83035202
103805.2,8.509e-05,2025-05-14 05:37:01,1747201021.0239756,sell,market,83035201
103805.3,9.49e-06,2025-05-14 05:37:14,1747201034.7206504,buy,limit,83035203
103805.3,8.034e-05,2025-05-14 05:37:20,1747201040.9627476,buy,market,83035204
103805.3,0.00045886,2025-05-14 05:37:24,1747201044.452495,buy,limit,83035205
103805.3,0.00030779,2025-05-14 05:37:39,1747201059.4474344,buy,market,83035206
103805.3,0.00141444,2025-05-14 05:38:02,1747201082.1251984,buy,market,83035207
103805.3,0.02350595,2025-05-14 05:38:23,1747201103.6559398,buy,limit,83035210
103805.3,0.00443092,2025-05-14 05:38:23,1747201103.6559398,buy,limit,83035208
103805.3,0.00026313,2025-05-14 05:38:23,1747201103.6559398,buy,limit,83035209
103805.3,0.0282,2025-05-14 05:38:25,1747201105.0969627,buy,limit,83035211
103809.0,0.00075101,2025-05-14 05:38:25,1747201105.7213118,buy,limit,83035214
103807.0,5.057e-05,2025-05-14 05:38:25,1747201105.7213118,buy,limit,83035213
103805.3,0.00014249,2025-05-14 05:38:25,1747201105.7213118,buy,limit,83035212
103809.0,1.654e-05,2025-05-14 05:38:41,1747201121.0355961,buy,limit,83035216
103809.0,7.837e-05,2025-05-14 05:38:41,1747201121.0355961,buy,limit,83035215
103809.0,0.00362204,2025-05-14 05:38:42,1747201122.6495678,buy,market,83035217
103809.0,0.00087953,2025-05-14 05:39:01,1747201141.204473,buy,market,83035218
103809.0,0.00013342,2025-05-14 05:39:05,1747201145.8949623,buy,limit,83035219
103809.0,8.893e-05,2025-05-14 05:39:05,1747201145.907768,buy,limit,83035220
103809.0,0.00103783,2025-05-14 05:40:13,1747201213.0496356,buy,limit,83035221
103809.0,0.00122574,2025-05-14 05:40:18,1747201218.1779482,buy,limit,83035222
103809.0,0.0081,2025-05-14 05:40:23,1747201223.642158,buy,limit,83035223
103809.0,0.00030733,2025-05-14 05:40:24,1747201224.83059,buy,limit,83035224
103809.8,0.00024081,2025-05-14 05:40:25,1747201225.6207716,buy,limit,83035225
103809.8,0.00779267,2025-05-14 05:40:35,1747201235.3266768,buy,limit,83035226
103809.8,0.04063556,2025-05-14 05:40:35,1747201235.8428483,buy,limit,83035227
103809.8,0.15197967,2025-05-14 05:40:36,1747201236.05954,buy,limit,83035228
103809.8,0.0141,2025-05-14 05:40:56,1747201256.822103,buy,limit,83035229
103809.8,0.00087935,2025-05-14 05:41:03,1747201263.1950157,buy,market,83035230
103809.8,0.0141,2025-05-14 05:41:08,1747201268.8267212,buy,limit,83035231
103809.8,0.0963,2025-05-14 05:41:20,1747201280.420893,buy,limit,83035232
103809.8,0.00019629,2025-05-14 05:41:24,1747201284.394878,buy,limit,83035233
103809.7,0.00125,2025-05-14 05:41:26,1747201286.3076618,sell,limit,83035234
103809.8,0.0129,2025-05-14 05:41:31,1747201291.7447166,buy,limit,83035235
103809.8,0.01053619,2025-05-14 05:41:32,1747201292.6863823,buy,limit,83035236
103809.8,0.00193018,2025-05-14 05:41:32,1747201292.6863823,buy,limit,83035238
103809.8,0.00043363,2025-05-14 05:41:32,1747201292.6863823,buy,limit,83035237
103809.8,0.00798218,2025-05-14 05:41:33,1747201293.4737258,buy,limit,83035239
103809.9,9.661e-05,2025-05-14 05:41:38,1747201298.471457,buy,limit,83035241
103809.9,0.0001,2025-05-14 05:41:38,1747201298.471457,buy,limit,83035240
103817.9,7.518e-05,2025-05-14 05:41:41,1747201301.013304,buy,limit,83035242
103817.9,0.00491782,2025-05-14 05:41:43,1747201303.9071841,buy,limit,83035243
103817.9,0.00187961,2025-05-14 05:41:47,1747201307.546619,buy,limit,83035244
103817.9,0.00798156,2025-05-14 05:41:51,1747201311.028893,buy,market,83035245
103818.0,5.057e-05,2025-05-14 05:41:51,1747201311.028893,buy,market,83035246
103820.0,0.00011702,2025-05-14 05:41:51,1747201311.028893,buy,market,83035247
103820.0,0.00010756,2025-05-14 05:41:51,1747201311.028893,buy,market,83035248
103829.7,0.00134659,2025-05-14 05:41:51,1747201311.028893,buy,market,83035250
103829.1,5.056e-05,2025-05-14 05:41:51,1747201311.028893,buy,market,83035249
103829.7,0.02304861,2025-05-14 05:42:02,1747201322.664512,buy,market,83035251
103829.7,0.0004952,2025-05-14 05:42:05,1747201325.3993492,buy,limit,83035253
103829.7,0.0151048,2025-05-14 05:42:05,1747201325.3993492,buy,limit,83035252
103834.6,0.00491973,2025-05-14 05:42:17,1747201337.0441048,buy,limit,83035255
103834.6,0.00798027,2025-05-14 05:42:17,1747201337.0441048,buy,limit,83035254
103834.6,0.0172,2025-05-14 05:42:17,1747201337.8393023,buy,limit,83035256
103834.6,8.804e-05,2025-05-14 05:42:20,1747201340.1010132,buy,limit,83035257
103834.6,0.0046979,2025-05-14 05:42:23,1747201343.6635852,buy,limit,83035258
103834.5,0.00118381,2025-05-14 05:42:25,1747201345.2110186,sell,limit,83035260
103834.5,7.59e-05,2025-05-14 05:42:25,1747201345.2110186,sell,limit,83035259
103834.6,0.00038915,2025-05-14 05:42:29,1747201349.539084,buy,limit,83035263
103834.6,0.00453059,2025-05-14 05:42:29,1747201349.539084,buy,limit,83035261
103834.6,0.00798026,2025-05-14 05:42:29,1747201349.539084,buy,limit,83035262
103834.5,0.00042,2025-05-14 05:42:35,1747201355.6387067,sell,limit,83035264
103834.6,0.00023533,2025-05-14 05:42:36,1747201356.2390163,buy,limit,83035265
103834.6,0.0129,2025-05-14 05:42:41,1747201361.3399239,buy,limit,83035266
103834.6,0.01112365,2025-05-14 05:42:41,1747201361.3532655,buy,market,83035267
103834.6,0.04722057,2025-05-14 05:42:41,1747201361.8966215,buy,market,83035268
103834.6,0.0129,2025-05-14 05:42:52,1747201372.7432442,buy,limit,83035269
103834.6,0.00023707,2025-05-14 05:43:01,1747201381.2546868,buy,market,83035270
103834.6,0.0064,2025-05-14 05:43:04,1747201384.27329,buy,limit,83035272
103834.6,0.00048442,2025-05-14 05:43:04,1747201384.27329,buy,limit,83035273
103834.6,0.00774319,2025-05-14 05:43:04,1747201384.27329,buy,limit,83035271
103834.6,0.00347239,2025-05-14 05:43:04,1747201384.2732902,buy,limit,83035274
103834.7,0.00071163,2025-05-14 05:43:11,1747201391.0689492,buy,limit,83035275
103834.7,0.0138,2025-05-14 05:43:15,1747201395.8248487,buy,limit,83035276
103834.7,0.0129,2025-05-14 05:43:27,1747201407.2648458,buy,limit,83035277
103834.7,0.00055415,2025-05-14 05:43:36,1747201416.338614,buy,market,83035278
103834.7,0.0129,2025-05-14 05:43:38,1747201418.8374922,buy,limit,83035279
103834.7,9.631e-05,2025-05-14 05:43:39,1747201419.6270535,buy,market,83035280
103834.7,0.0129,2025-05-14 05:43:50,1747201430.5100064,buy,limit,83035281
103834.6,9.425e-05,2025-05-14 05:43:59,1747201439.588923,sell,market,83035282
103834.6,0.001,2025-05-14 05:43:59,1747201439.5889232,sell,market,83035284
103834.6,0.0139393,2025-05-14 05:43:59,1747201439.5889232,sell,market,83035285
103834.6,0.0001,2025-05-14 05:43:59,1747201439.5889232,sell,market,83035283
103834.7,5.046e-05,2025-05-14 05:43:59,1747201439.907758,buy,limit,83035286
103834.7,0.00052364,2025-05-14 05:44:01,1747201441.1887846,buy,market,83035287
103834.7,0.00018028,2025-05-14 05:44:01,1747201441.4310555,buy,limit,83035288
103834.7,0.0172,2025-05-14 05:44:02,1747201442.2057078,buy,limit,83035289
103834.7,0.0112,2025-05-14 05:44:13,1747201453.9862826,buy,limit,83035290
103834.7,0.0129,2025-05-14 05:44:25,1747201465.9695387,buy,limit,83035291
103834.7,0.00022592,2025-05-14 05:44:33,1747201473.3609746,buy,limit,83035292
103834.7,0.0138,2025-05-14 05:44:37,1747201477.8329284,buy,limit,83035293
103834.7,0.00323516,2025-05-14 05:44:41,1747201481.4593186,buy,limit,83035294
103834.7,0.0156,2025-05-14 05:44:49,1747201489.5978544,buy,limit,83035295
103834.7,0.0172,2025-05-14 05:44:50,1747201490.5287333,buy,limit,83035296
103834.7,0.0225,2025-05-14 05:44:51,1747201491.9958458,buy,limit,83035297
103834.7,0.0025,2025-05-14 05:44:53,1747201493.082382,buy,limit,83035298
103834.7,0.00044978,2025-05-14 05:44:59,1747201499.5999107,buy,limit,83035299
103834.7,0.00095828,2025-05-14 05:45:00,1747201500.0432215,buy,limit,83035300
103834.7,0.00025165,2025-05-14 05:45:03,1747201503.1041117,buy,market,83035301
103834.6,0.00038535,2025-05-14 05:45:03,1747201503.677882,sell,limit,83035304
103834.6,8.877e-05,2025-05-14 05:45:03,1747201503.677882,sell,limit,83035302
103834.6,0.0001,2025-05-14 05:45:03,1747201503.677882,sell,limit,83035303
103834.7,0.0798,2025-05-14 05:45:04,1747201504.606829,buy,limit,83035305
103834.7,0.008,2025-05-14 05:45:05,1747201505.3773503,buy,limit,83035306
103834.7,0.00023957,2025-05-14 05:45:26,1747201526.582246,buy,limit,83035307
103834.7,0.04333176,2025-05-14 05:45:31,1747201531.0155027,buy,market,83035308
103834.6,9.309e-05,2025-05-14 05:45:31,1747201531.9149811,sell,limit,83035311
103834.6,0.00096307,2025-05-14 05:45:31,1747201531.9149811,sell,limit,83035310
103834.6,0.00061465,2025-05-14 05:45:31,1747201531.9149811,sell,limit,83035309
103834.6,0.0001,2025-05-14 05:45:31,1747201531.9149811,sell,limit,83035312
103834.6,0.19083919,2025-05-14 05:45:31,1747201531.9149811,sell,limit,83035313
103834.7,4.698e-05,2025-05-14 05:45:37,1747201537.760071,buy,limit,83035314
103839.8,0.00133764,2025-05-14 05:45:37,1747201537.9756324,buy,market,83035315
103839.8,0.00011489,2025-05-14 05:46:39,1747201599.369058,buy,limit,83035316
103839.7,7.319e-05,2025-05-14 05:47:00,1747201620.264899,sell,market,83035317
103839.8,0.00014373,2025-05-14 05:47:01,1747201621.9386277,buy,limit,83035318
103839.8,0.00772125,2025-05-14 05:47:25,1747201645.6290205,buy,limit,83035319
103839.8,0.00213885,2025-05-14 05:47:25,1747201645.6290207,buy,limit,83035320
103839.8,0.00094879,2025-05-14 05:47:30,1747201650.494037,buy,limit,83035321
103839.7,0.00047712,2025-05-14 05:47:39,1747201659.8421512,sell,limit,83035323
103839.7,2.681e-05,2025-05-14 05:47:39,1747201659.8421512,sell,limit,83035322
103839.8,0.000265,2025-05-14 05:47:40,1747201660.6972032,buy,limit,83035324
103839.8,8.803e-05,2025-05-14 05:47:50,1747201670.3853457,buy,limit,83035325
103839.8,0.0014214,2025-05-14 05:48:01,1747201681.2207632,buy,market,83035327
103839.8,0.00355933,2025-05-14 05:48:01,1747201681.2207632,buy,market,83035326
103839.8,9.582e-05,2025-05-14 05:48:11,1747201691.0373807,buy,limit,83035328
103840.0,0.00013847,2025-05-14 05:48:31,1747201711.9672897,buy,limit,83035329
103839.9,5.578e-05,2025-05-14 05:49:03,1747201743.1773896,sell,limit,83035330
103839.9,0.00347372,2025-05-14 05:49:03,1747201743.1773896,sell,limit,83035331
103840.0,0.00784137,2025-05-14 05:49:03,1747201743.4844086,buy,market,83035332
103842.2,0.00173386,2025-05-14 05:49:03,1747201743.4844089,buy,market,83035334
103840.1,5.056e-05,2025-05-14 05:49:03,1747201743.4844089,buy,market,83035333
103850.0,0.0002237,2025-05-14 05:49:06,1747201746.543973,buy,limit,83035335
103850.1,0.04039095,2025-05-14 05:49:20,1747201760.313666,buy,market,83035337
103850.0,0.00775538,2025-05-14 05:49:20,1747201760.313666,buy,market,83035336
103850.1,0.00189739,2025-05-14 05:49:27,1747201767.0393727,buy,limit,83035338
103850.1,0.00063553,2025-05-14 05:49:35,1747201775.0135748,buy,market,83035339
103850.0,0.002,2025-05-14 05:49:41,1747201781.4748204,sell,limit,83035340
103850.1,0.04691531,2025-05-14 05:49:43,1747201783.2753513,buy,market,83035341
103850.0,0.01010235,2025-05-14 05:49:50,1747201790.314033,sell,market,83035342
103850.1,0.00962766,2025-05-14 05:50:07,1747201807.103327,buy,limit,83035343
103850.1,5.429e-05,2025-05-14 05:50:23,1747201823.226423,buy,limit,83035344
103850.1,5.428e-05,2025-05-14 05:50:23,1747201823.6587937,buy,limit,83035345
103850.1,5.427e-05,2025-05-14 05:50:24,1747201824.0918095,buy,limit,83035346
103850.1,5.427e-05,2025-05-14 05:50:24,1747201824.2975929,buy,limit,83035347
103850.1,5.429e-05,2025-05-14 05:50:25,1747201825.6558437,buy,limit,83035348
103850.1,5.429e-05,2025-05-14 05:50:26,1747201826.085816,buy,limit,83035349
103850.1,5.428e-05,2025-05-14 05:50:26,1747201826.517022,buy,limit,83035350
103850.1,5.428e-05,2025-05-14 05:50:26,1747201826.950033,buy,limit,83035351
103850.1,5.427e-05,2025-05-14 05:50:27,1747201827.3836384,buy,limit,83035352
103850.1,5.427e-05,2025-05-14 05:50:27,1747201827.8209965,buy,limit,83035353
103850.1,5.424e-05,2025-05-14 05:50:30,1747201830.7861872,buy,limit,83035354
103850.1,5.423e-05,2025-05-14 05:50:31,1747201831.6796098,buy,limit,83035355
103850.1,5.414e-05,2025-05-14 05:50:33,1747201833.6022727,buy,limit,83035356
103850.1,5.415e-05,2025-05-14 05:50:34,1747201834.6236625,buy,limit,83035357
103850.1,5.417e-05,2025-05-14 05:50:35,1747201835.6014597,buy,limit,83035358
103850.0,0.00674049,2025-05-14 05:50:39,1747201839.1745744,sell,market,83035359
103850.1,0.005,2025-05-14 05:50:54,1747201854.3691094,buy,market,83035360
103850.1,0.02376096,2025-05-14 05:51:00,1747201860.646076,buy,limit,83035361
103850.1,0.02543344,2025-05-14 05:51:00,1747201860.6474771,buy,limit,83035362
103850.1,0.02097473,2025-05-14 05:51:00,1747201860.6500185,buy,limit,83035363
103850.1,0.00547162,2025-05-14 05:51:00,1747201860.650621,buy,limit,83035364
103850.1,0.00978471,2025-05-14 05:51:00,1747201860.650818,buy,limit,83035365
103850.1,0.01270752,2025-05-14 05:51:00,1747201860.6514957,buy,limit,83035366
103850.1,0.0001831,2025-05-14 05:51:00,1747201860.6527154,buy,limit,83035369
103850.1,0.00797907,2025-05-14 05:51:00,1747201860.6527154,buy,limit,83035368
103850.1,0.15759748,2025-05-14 05:51:00,1747201860.6527154,buy,limit,83035367
103851.0,5.055e-05,2025-05-14 05:51:00,1747201860.6527157,buy,limit,83035371
103850.6,0.00188217,2025-05-14 05:51:00,1747201860.6527157,buy,limit,83035370
103862.0,5.055e-05,2025-05-14 05:51:01,1747201861.8746552,buy,limit,83035372
103873.0,5.054e-05,2025-05-14 05:51:03,1747201863.4198298,buy,limit,83035373
103884.0,5.054e-05,2025-05-14 05:51:04,1747201864.5460427,buy,limit,83035374
103895.1,5.053e-05,2025-05-14 05:51:04,1747201864.5460427,buy,limit,83035375
103898.8,9.616e-05,2025-05-14 05:51:06,1747201866.1972396,sell,market,83035376
103901.5,0.00962,2025-05-14 05:51:08,1747201868.9328117,buy,limit,83035379
103898.9,0.00924899,2025-05-14 05:51:08,1747201868.9328117,buy,limit,83035377
103900.0,0.0812336,2025-05-14 05:51:08,1747201868.9328117,buy,limit,83035378
103905.9,0.0749853,2025-05-14 05:51:09,1747201869.5390809,sell,limit,83035380
103906.0,5.053e-05,2025-05-14 05:51:10,1747201870.9125476,buy,market,83035381
103906.0,0.00028632,2025-05-14 05:51:10,1747201870.9125476,buy,market,83035382
103916.9,0.00224276,2025-05-14 05:51:17,1747201877.6065936,buy,limit,83035383
103916.9,0.00047404,2025-05-14 05:51:36,1747201896.7513003,buy,limit,83035384
103916.9,0.00093884,2025-05-14 05:51:43,1747201903.4493868,buy,limit,83035385
103916.9,0.00018962,2025-05-14 05:51:44,1747201904.7555187,buy,limit,83035386
103916.9,0.00051852,2025-05-14 05:52:01,1747201921.8973022,buy,market,83035387
103916.9,0.00745543,2025-05-14 05:52:11,1747201931.023062,buy,limit,83035388
103916.9,0.00022884,2025-05-14 05:52:29,1747201949.9066348,sell,limit,83035389
103917.0,5.052e-05,2025-05-14 05:52:57,1747201977.6640768,buy,market,83035390
103917.0,0.00194948,2025-05-14 05:52:57,1747201977.664077,buy,market,83035391
103927.9,0.00029299,2025-05-14 05:52:58,1747201978.5846214,sell,limit,83035392
103928.0,0.0079731,2025-05-14 05:53:07,1747201987.493614,buy,market,83035393
103928.1,5.052e-05,2025-05-14 05:53:07,1747201987.493614,buy,market,83035394
103949.9,5.051e-05,2025-05-14 05:53:07,1747201987.493614,buy,market,83035399
103957.2,0.19099171,2025-05-14 05:53:07,1747201987.493614,buy,market,83035400
103941.5,5.5e-05,2025-05-14 05:53:07,1747201987.493614,buy,market,83035396
103939.0,5.051e-05,2025-05-14 05:53:07,1747201987.493614,buy,market,83035395
103948.9,0.00924454,2025-05-14 05:53:07,1747201987.493614,buy,market,83035398
103948.0,0.03000234,2025-05-14 05:53:07,1747201987.493614,buy,market,83035397
103957.1,0.00797885,2025-05-14 05:53:07,1747201987.5016344,sell,limit,83035401
103957.1,0.03212725,2025-05-14 05:53:07,1747201987.5077188,sell,limit,83035402
103957.1,0.02492031,2025-05-14 05:53:07,1747201987.5078375,sell,limit,83035403
103957.1,0.00797885,2025-05-14 05:53:07,1747201987.5122826,sell,limit,83035404
103957.1,0.00797885,2025-05-14 05:53:07,1747201987.5236158,sell,limit,83035405
103957.1,0.00797885,2025-05-14 05:53:07,1747201987.533463,sell,limit,83035406
103957.1,0.00797885,2025-05-14 05:53:07,1747201987.5439842,sell,limit,83035407
103957.1,0.00249428,2025-05-14 05:53:07,1747201987.555533,sell,limit,83035408
103957.1,0.00548455,2025-05-14 05:53:07,1747201987.5640006,sell,limit,83035409
103957.1,0.00249428,2025-05-14 05:53:07,1747201987.5908074,sell,limit,83035410
103961.0,0.00238091,2025-05-14 05:53:15,1747201995.1005492,buy,market,83035411
103961.0,7.581e-05,2025-05-14 05:53:23,1747202003.0413675,buy,limit,83035412
103961.0,5.05e-05,2025-05-14 05:53:23,1747202003.1917162,buy,market,83035414
103961.0,0.00355328,2025-05-14 05:53:23,1747202003.1917162,buy,market,83035413
103962.1,0.01074073,2025-05-14 05:53:23,1747202003.1917164,buy,market,83035415
103967.5,0.00479687,2025-05-14 05:53:23,1747202003.1917164,buy,market,83035417
103967.4,9.618e-05,2025-05-14 05:53:23,1747202003.1917164,buy,market,83035416
103967.2,7.385e-05,2025-05-14 05:53:34,1747202014.8306558,buy,limit,83035418
103967.1,0.0009,2025-05-14 05:53:35,1747202015.2427328,sell,limit,83035420
103967.1,0.0001,2025-05-14 05:53:35,1747202015.2427328,sell,limit,83035419
103967.2,0.00089455,2025-05-14 05:53:35,1747202015.8034973,buy,limit,83035421
103967.2,0.00894513,2025-05-14 05:53:36,1747202016.5958095,buy,market,83035422
103967.2,0.00348119,2025-05-14 05:53:58,1747202038.372849,buy,market,83035423
103967.2,0.00025394,2025-05-14 05:54:01,1747202041.166259,buy,market,83035424
103967.2,0.00019237,2025-05-14 05:54:07,1747202047.6983602,buy,market,83035425
103967.2,0.00033589,2025-05-14 05:54:14,1747202054.0575135,buy,limit,83035426
103967.1,0.0019,2025-05-14 05:54:18,1747202058.6899574,sell,limit,83035429
103967.1,0.001,2025-05-14 05:54:18,1747202058.6899574,sell,limit,83035428
103967.1,0.0001,2025-05-14 05:54:18,1747202058.6899574,sell,limit,83035427
103964.6,0.00108829,2025-05-14 05:54:18,1747202058.6899576,sell,limit,83035431
103967.1,0.01591171,2025-05-14 05:54:18,1747202058.6899576,sell,limit,83035430
103964.7,0.00075355,2025-05-14 05:54:23,1747202063.9090133,buy,limit,83035433
103964.7,9.618e-05,2025-05-14 05:54:23,1747202063.9090133,buy,limit,83035432
103964.6,0.00049296,2025-05-14 05:54:24,1747202064.2311535,sell,limit,83035434
103964.7,0.00019237,2025-05-14 05:54:31,1747202071.4827106,buy,market,83035435
103964.7,1.154e-05,2025-05-14 05:54:32,1747202072.4500415,buy,limit,83035436
103964.6,0.001,2025-05-14 05:54:36,1747202076.9899683,sell,limit,83035438
103964.6,0.0001,2025-05-14 05:54:36,1747202076.9899683,sell,limit,83035437
103962.9,0.00096436,2025-05-14 05:54:36,1747202076.9899685,sell,limit,83035439
103962.9,0.0003,2025-05-14 05:54:40,1747202080.8528242,sell,market,83035440
103982.9,5.049e-05,2025-05-14 05:55:10,1747202110.0288374,buy,limit,83035443
103985.6,0.22119671,2025-05-14 05:55:10,1747202110.0288374,buy,limit,83035445
103983.0,0.135,2025-05-14 05:55:10,1747202110.0288374,buy,limit,83035444
103971.9,5.049e-05,2025-05-14 05:55:10,1747202110.0288374,buy,limit,83035441
103976.5,0.38470231,2025-05-14 05:55:10,1747202110.0288374,buy,limit,83035442
103983.0,0.01740756,2025-05-14 05:55:32,1747202132.7507517,buy,market,83035446
103983.0,0.00039618,2025-05-14 05:55:40,1747202140.4815,buy,limit,83035447
103983.0,0.01240482,2025-05-14 05:55:43,1747202143.4961998,buy,market,83035448
103982.9,0.0001,2025-05-14 05:55:44,1747202144.2183764,sell,limit,83035449
103982.9,0.001,2025-05-14 05:55:44,1747202144.2183764,sell,limit,83035450
103982.9,0.01160941,2025-05-14 05:55:44,1747202144.2183764,sell,limit,83035451
103983.0,0.00631974,2025-05-14 05:55:50,1747202150.269736,buy,limit,83035452
103983.0,4.737e-05,2025-05-14 05:55:57,1747202157.0371897,buy,limit,83035453
103983.0,0.01271061,2025-05-14 05:56:01,1747202161.2362666,buy,market,83035454
103983.0,8.791e-05,2025-05-14 05:56:03,1747202163.5677264,buy,limit,83035455
103982.9,5.77e-05,2025-05-14 05:56:05,1747202165.8872645,sell,market,83035462
103982.9,0.001,2025-05-14 05:56:05,1747202165.8872645,sell,market,83035461
103972.0,5.049e-05,2025-05-14 05:56:05,1747202165.8872645,sell,market,83035463
103961.0,5.049e-05,2025-05-14 05:56:05,1747202165.8872645,sell,market,83035464
103982.9,0.00178566,2025-05-14 05:56:05,1747202165.8872645,sell,market,83035457
103982.9,0.00064683,2025-05-14 05:56:05,1747202165.8872645,sell,market,83035458
103982.9,0.0001,2025-05-14 05:56:05,1747202165.8872645,sell,market,83035459
103982.9,0.00029871,2025-05-14 05:56:05,1747202165.8872645,sell,market,83035460
103982.9,0.00762452,2025-05-14 05:56:05,1747202165.8872645,sell,market,83035456
103944.2,0.135,2025-05-14 05:56:05,1747202165.8872645,sell,market,83035467
103950.0,5.05e-05,2025-05-14 05:56:05,1747202165.8872645,sell,market,83035465
103948.2,0.03147258,2025-05-14 05:56:05,1747202165.8872645,sell,market,83035466
103939.0,5.051e-05,2025-05-14 05:56:05,1747202165.8872647,sell,market,83035470
103934.4,0.41962041,2025-05-14 05:56:05,1747202165.8872647,sell,market,83035473
103937.8,0.11285445,2025-05-14 05:56:05,1747202165.8872647,sell,market,83035471
103934.5,6.037e-05,2025-05-14 05:56:05,1747202165.8872647,sell,market,83035472
103943.9,0.01923478,2025-05-14 05:56:05,1747202165.8872647,sell,market,83035468
103940.8,0.270042,2025-05-14 05:56:05,1747202165.8872647,sell,market,83035469
103935.1,6.127e-05,2025-05-14 05:56:22,1747202182.894578,sell,market,83035482
103934.8,0.06911924,2025-05-14 05:56:22,1747202182.894578,sell,market,83035484
103935.0,0.249638,2025-05-14 05:56:22,1747202182.894578,sell,market,83035483
103938.8,0.004,2025-05-14 05:56:22,1747202182.894578,sell,market,83035476
103938.8,0.0001,2025-05-14 05:56:22,1747202182.894578,sell,market,83035475
103937.6,0.26715,2025-05-14 05:56:22,1747202182.894578,sell,market,83035481
103938.8,0.001,2025-05-14 05:56:22,1747202182.894578,sell,market,83035477
103938.8,0.2576,2025-05-14 05:56:22,1747202182.894578,sell,market,83035479
103938.7,0.019,2025-05-14 05:56:22,1747202182.894578,sell,market,83035480
103938.8,0.03306177,2025-05-14 05:56:22,1747202182.894578,sell,market,83035478
103938.8,0.04,2025-05-14 05:56:22,1747202182.894578,sell,market,83035474
103936.3,0.000482,2025-05-14 05:56:24,1747202184.402268,sell,limit,83035485
103936.3,0.0001,2025-05-14 05:57:08,1747202228.032245,sell,limit,83035486
103936.3,0.001,2025-05-14 05:57:08,1747202228.0322452,sell,limit,83035487
103928.1,0.00049591,2025-05-14 05:57:17,1747202237.6358154,buy,market,83035488
103928.0,0.0001,2025-05-14 05:57:19,1747202239.4944468,sell,market,83035491
103927.9,0.01331541,2025-05-14 05:57:19,1747202239.4944468,sell,market,83035492
103928.0,0.001,2025-05-14 05:57:19,1747202239.4944468,sell,market,83035490
103928.0,5.051e-05,2025-05-14 05:57:19,1747202239.4944468,sell,market,83035489
103928.0,1.267e-05,2025-05-14 05:57:27,1747202247.9799616,buy,limit,83035493
103928.0,4.74e-05,2025-05-14 05:57:28,1747202248.4501545,buy,limit,83035494
103928.0,0.00028721,2025-05-14 05:57:31,1747202251.6784365,buy,market,83035495
103928.0,0.00040879,2025-05-14 05:57:32,1747202252.379246,buy,market,83035496
103927.9,0.00013023,2025-05-14 05:57:37,1747202257.6190526,sell,limit,83035497
103928.0,0.00312542,2025-05-14 05:58:01,1747202281.3361554,buy,market,83035498
103928.0,0.00425545,2025-05-14 05:58:09,1747202289.2626758,buy,limit,83035499
103928.0,0.00029862,2025-05-14 05:58:20,1747202300.350247,buy,limit,83035500
103928.0,0.00094798,2025-05-14 05:58:40,1747202320.3227086,buy,limit,83035501
103928.0,0.00118498,2025-05-14 05:58:48,1747202328.0241456,buy,limit,83035502
103927.9,0.0001,2025-05-14 05:58:56,1747202336.2987752,sell,limit,83035505
103927.9,0.09201968,2025-05-14 05:58:56,1747202336.2987752,sell,limit,83035503
103901.5,0.00962,2025-05-14 05:58:56,1747202336.2987752,sell,limit,83035508
103896.1,0.0115,2025-05-14 05:58:56,1747202336.2987752,sell,limit,83035509
103906.0,5.052e-05,2025-05-14 05:58:56,1747202336.2987752,sell,limit,83035507
103927.9,0.001,2025-05-14 05:58:56,1747202336.2987752,sell,limit,83035504
103917.0,5.052e-05,2025-05-14 05:58:56,1747202336.2987752,sell,limit,83035506
103872.3,0.03139458,2025-05-14 05:58:56,1747202336.2987752,sell,limit,83035512
103884.0,5.053e-05,2025-05-14 05:58:56,1747202336.2987752,sell,limit,83035511
103895.0,5.053e-05,2025-05-14 05:58:56,1747202336.2987752,sell,limit,83035510
103861.5,0.0849214,2025-05-14 05:58:56,1747202336.2987752,sell,limit,83035514
103867.2,0.01924224,2025-05-14 05:58:56,1747202336.2987752,sell,limit,83035513
103863.4,0.0008763,2025-05-14 05:59:01,1747202341.3122067,buy,market,83035515
103881.6,0.01426364,2025-05-14 05:59:16,1747202356.6396635,buy,market,83035516
103881.5,0.00290728,2025-05-14 05:59:17,1747202357.3342252,sell,limit,83035517
103883.9,0.000217,2025-05-14 05:59:23,1747202363.504686,buy,market,83035518
103895.0,5.053e-05,2025-05-14 05:59:27,1747202367.845789,buy,limit,83035519
103896.3,0.00464525,2025-05-14 05:59:27,1747202367.845789,buy,limit,83035520
103896.3,0.0003245,2025-05-14 05:59:42,1747202382.839156,buy,limit,83035521
103896.3,9.483e-05,2025-05-14 05:59:50,1747202390.0392947,buy,limit,83035522
103896.3,5.746e-05,2025-05-14 06:00:00,1747202400.0548575,buy,limit,83035523
103896.3,0.00047414,2025-05-14 06:00:00,1747202400.0550663,buy,limit,83035524
103896.3,0.0002309,2025-05-14 06:00:00,1747202400.210673,buy,limit,83035525
103896.3,0.00047414,2025-05-14 06:00:00,1747202400.2819664,buy,limit,83035526
103896.3,0.000162,2025-05-14 06:00:02,1747202402.9867754,buy,market,83035527
103896.3,0.00062348,2025-05-14 06:00:06,1747202406.3816595,buy,market,83035528
103896.3,9.577e-05,2025-05-14 06:00:07,1747202407.044028,buy,limit,83035529
103901.5,0.00895079,2025-05-14 06:00:24,1747202424.195918,buy,market,83035530
103901.4,0.001,2025-05-14 06:00:27,1747202427.5324445,sell,market,83035532
103886.1,0.02821348,2025-05-14 06:00:27,1747202427.5324445,sell,market,83035533
103901.4,0.0001,2025-05-14 06:00:27,1747202427.5324445,sell,market,83035531
103884.0,5.053e-05,2025-05-14 06:00:27,1747202427.5324445,sell,market,83035535
103881.6,0.1582219,2025-05-14 06:00:27,1747202427.5324445,sell,market,83035536
103886.0,0.03273984,2025-05-14 06:00:27,1747202427.5324445,sell,market,83035534
103890.8,9.625e-05,2025-05-14 06:00:32,1747202432.0415657,buy,limit,83035537
103890.8,0.00038263,2025-05-14 06:00:32,1747202432.041566,buy,limit,83035538
103895.0,5.053e-05,2025-05-14 06:00:42,1747202442.416916,buy,limit,83035539
103895.0,0.00013144,2025-05-14 06:00:42,1747202442.416916,buy,limit,83035540
103895.0,6.163e-05,2025-05-14 06:00:43,1747202443.0568447,buy,limit,83035541
103895.0,0.00025426,2025-05-14 06:00:43,1747202443.0753245,buy,limit,83035542
103895.0,0.001119,2025-05-14 06:00:44,1747202444.6309597,buy,market,83035543
103895.0,0.00481255,2025-05-14 06:00:49,1747202449.163772,buy,market,83035544
103895.0,9.624e-05,2025-05-14 06:00:49,1747202449.3657634,buy,limit,83035545
103894.9,0.0001,2025-05-14 06:00:51,1747202451.0313478,sell,limit,83035546
103894.9,0.00389936,2025-05-14 06:00:51,1747202451.0313478,sell,limit,83035548
103894.9,0.001,2025-05-14 06:00:51,1747202451.0313478,sell,limit,83035547
103895.0,9.624e-05,2025-05-14 06:00:58,1747202458.0371573,buy,limit,83035549
103895.0,0.00464519,2025-05-14 06:00:58,1747202458.0371575,buy,limit,83035550
103895.0,0.00479085,2025-05-14 06:01:02,1747202462.1320574,buy,market,83035551
103901.4,0.00016789,2025-05-14 06:01:23,1747202483.336943,sell,limit,83035552
103901.5,9.48e-06,2025-05-14 06:01:26,1747202486.0418463,buy,limit,83035553
103901.5,0.00065973,2025-05-14 06:01:41,1747202501.114446,buy,market,83035554
103901.5,0.01536075,2025-05-14 06:01:41,1747202501.114446,buy,market,83035556
103901.5,0.00895,2025-05-14 06:01:41,1747202501.114446,buy,market,83035555
103901.5,0.00962,2025-05-14 06:01:50,1747202510.6115966,buy,market,83035557
103901.5,0.02206876,2025-05-14 06:01:50,1747202510.6115966,buy,market,83035558
103901.5,0.00573216,2025-05-14 06:01:50,1747202510.6199982,buy,limit,83035559
103901.5,0.02614264,2025-05-14 06:01:59,1747202519.1679714,buy,market,83035560
103901.5,0.005,2025-05-14 06:02:01,1747202521.0462224,buy,limit,83035561
103901.5,0.00260908,2025-05-14 06:02:01,1747202521.6158042,buy,limit,83035562
103901.5,0.03149546,2025-05-14 06:02:01,1747202521.6382852,buy,market,83035563
103901.5,0.01663162,2025-05-14 06:02:07,1747202527.311401,buy,market,83035564
103901.5,0.01088194,2025-05-14 06:02:20,1747202540.6105905,buy,market,83035565
103901.5,0.00182478,2025-05-14 06:02:29,1747202549.9959376,buy,market,83035567
103912.6,9.624e-05,2025-05-14 06:02:29,1747202549.9959376,buy,market,83035569
103906.1,5.053e-05,2025-05-14 06:02:29,1747202549.9959376,buy,market,83035568
103901.5,0.00962,2025-05-14 06:02:29,1747202549.9959376,buy,market,83035566
103912.7,0.00843611,2025-05-14 06:02:29,1747202549.9959376,buy,market,83035570
103912.6,0.04565216,2025-05-14 06:02:31,1747202551.3064995,sell,market,83035571
103912.7,2.39743189,2025-05-14 06:02:32,1747202552.5344205,buy,limit,83035572
103912.7,0.10487827,2025-05-14 06:02:32,1747202552.5344207,buy,limit,83035574
103914.1,2.30759841,2025-05-14 06:02:32,1747202552.5344207,buy,limit,83035575
103912.7,9.624e-05,2025-05-14 06:02:32,1747202552.5344207,buy,limit,83035573
103926.1,0.263933,2025-05-14 06:02:35,1747202555.833193,buy,limit,83035578
103926.4,0.135,2025-05-14 06:02:35,1747202555.833193,buy,limit,83035579
103917.0,5.052e-05,2025-05-14 06:02:35,1747202555.833193,buy,limit,83035576
103917.0,9.624e-05,2025-05-14 06:02:35,1747202555.833193,buy,limit,83035577
103928.3,0.09622018,2025-05-14 06:02:35,1747202555.8331933,buy,limit,83035581
103928.1,5.052e-05,2025-05-14 06:02:35,1747202555.8331933,buy,limit,83035580
103928.4,0.11305564,2025-05-14 06:02:35,1747202555.8331933,buy,limit,83035583
103928.4,2.40550413,2025-05-14 06:02:35,1747202555.8331933,buy,limit,83035584
103936.4,0.38485073,2025-05-14 06:02:35,1747202555.8331933,buy,limit,83035593
103936.3,4.81064177,2025-05-14 06:02:35,1747202555.8331933,buy,limit,83035592
103939.0,5.051e-05,2025-05-14 06:02:35,1747202555.8331933,buy,limit,83035596
103937.5,0.02886805,2025-05-14 06:02:35,1747202555.8331933,buy,limit,83035595
103942.5,0.89287564,2025-05-14 06:02:35,1747202555.8331933,buy,limit,83035597
103936.3,0.01792808,2025-05-14 06:02:35,1747202555.8331933,buy,limit,83035590
103930.2,2.40546075,2025-05-14 06:02:35,1747202555.8331933,buy,limit,83035587
103932.2,1.154733,2025-05-14 06:02:35,1747202555.8331933,buy,limit,83035588
103929.2,2.40548595,2025-05-14 06:02:35,1747202555.8331933,buy,limit,83035585
103929.3,0.03064759,2025-05-14 06:02:35,1747202555.8331933,buy,limit,83035586
103936.2,0.249711,2025-05-14 06:02:35,1747202555.8331933,buy,limit,83035589
103928.3,0.09622018,2025-05-14 06:02:35,1747202555.8331933,buy,limit,83035582
103936.4,4.81063837,2025-05-14 06:02:35,1747202555.8331933,buy,limit,83035594
103936.3,4.81e-05,2025-05-14 06:02:35,1747202555.8331933,buy,limit,83035591
103948.7,0.26,2025-05-14 06:02:35,1747202555.8331935,buy,limit,83035606
103949.2,0.11305564,2025-05-14 06:02:35,1747202555.8331935,buy,limit,83035607
103948.4,0.01924698,2025-05-14 06:02:35,1747202555.8331935,buy,limit,83035604
103948.4,0.04454749,2025-05-14 06:02:35,1747202555.8331935,buy,limit,83035605
103949.4,0.00246832,2025-05-14 06:02:35,1747202555.8331935,buy,limit,83035608
103943.2,0.01970205,2025-05-14 06:02:35,1747202555.8331935,buy,limit,83035601
103951.2,0.00502325,2025-05-14 06:02:35,1747202555.8331935,buy,limit,83035610
103951.4,0.02712218,2025-05-14 06:02:35,1747202555.8331935,buy,limit,83035611
103951.7,1.61685,2025-05-14 06:02:35,1747202555.8331935,buy,limit,83035613
103942.6,4.81035091,2025-05-14 06:02:35,1747202555.8331935,buy,limit,83035598
103943.2,0.13501842,2025-05-14 06:02:35,1747202555.8331935,buy,limit,83035600
103942.6,1.385679,2025-05-14 06:02:35,1747202555.8331935,buy,limit,83035599
103951.5,0.04064155,2025-05-14 06:02:35,1747202555.8331935,buy,limit,83035612
103946.8,0.00124661,2025-05-14 06:02:35,1747202555.8331935,buy,limit,83035603
103946.8,0.2531,2025-05-14 06:02:35,1747202555.8331935,buy,limit,83035602
103950.0,5.051e-05,2025-05-14 06:02:35,1747202555.8331935,buy,limit,83035609
103968.6,9.742e-05,2025-05-14 06:02:35,1747202555.8331938,buy,limit,83035625
103971.3,0.0439929,2025-05-14 06:02:35,1747202555.8331938,buy,limit,83035629
103965.8,0.11305564,2025-05-14 06:02:35,1747202555.8331938,buy,limit,83035622
103969.7,0.38472747,2025-05-14 06:02:35,1747202555.8331938,buy,limit,83035626
103970.7,4.80905042,2025-05-14 06:02:35,1747202555.8331938,buy,limit,83035627
103971.1,0.2531,2025-05-14 06:02:35,1747202555.8331938,buy,limit,83035628
103952.3,0.09733776,2025-05-14 06:02:35,1747202555.8331938,buy,limit,83035614
103962.9,0.09733776,2025-05-14 06:02:35,1747202555.8331938,buy,limit,83035620
103961.0,5.05e-05,2025-05-14 06:02:35,1747202555.8331938,buy,limit,83035619
103958.5,4.80961182,2025-05-14 06:02:35,1747202555.8331938,buy,limit,83035616
103959.5,0.2531,2025-05-14 06:02:35,1747202555.8331938,buy,limit,83035617
103960.8,1.847623,2025-05-14 06:02:35,1747202555.8331938,buy,limit,83035618
103965.7,1.17698907,2025-05-14 06:02:35,1747202555.8331938,buy,limit,83035621
103966.5,0.0084891,2025-05-14 06:02:35,1747202555.8331938,buy,limit,83035623
103968.6,2.58e-06,2025-05-14 06:02:35,1747202555.8331938,buy,limit,83035624
103957.0,0.90687929,2025-05-14 06:02:35,1747202555.8331938,buy,limit,83035615
103971.9,8.798e-05,2025-05-14 06:02:37,1747202557.7267528,buy,limit,83035630
103971.9,0.01634797,2025-05-14 06:02:41,1747202561.722644,buy,market,83035631
103971.9,0.00093834,2025-05-14 06:02:44,1747202564.6373935,buy,limit,83035632
103971.9,0.00022112,2025-05-14 06:02:47,1747202567.8978534,buy,market,83035633
103971.8,0.0038301,2025-05-14 06:03:08,1747202588.1085196,sell,limit,83035634
103971.9,0.00961798,2025-05-14 06:03:13,1747202593.0281782,buy,limit,83035635
103971.9,0.02150975,2025-05-14 06:03:27,1747202607.8413415,buy,market,83035636
103971.9,0.01841856,2025-05-14 06:03:31,1747202611.3102255,buy,limit,83035637
103971.9,0.00015117,2025-05-14 06:03:36,1747202616.5136068,buy,limit,83035638
103971.8,0.00480899,2025-05-14 06:03:41,1747202621.4082212,sell,market,83035639
103971.8,0.00480899,2025-05-14 06:03:42,1747202622.566809,sell,market,83035640
103971.9,0.00036044,2025-05-14 06:03:46,1747202626.5500948,buy,limit,83035641
103971.8,0.00246461,2025-05-14 06:03:53,1747202633.3244932,sell,limit,83035642
103971.9,0.0002369,2025-05-14 06:04:04,1747202644.3552651,buy,limit,83035643
103971.8,0.00576575,2025-05-14 06:04:11,1747202651.7630768,sell,limit,83035644
103971.8,0.75246383,2025-05-14 06:04:22,1747202662.78356,sell,limit,83035645
103971.8,0.76587048,2025-05-14 06:04:22,1747202662.7841623,sell,limit,83035646
103971.8,0.88644056,2025-05-14 06:04:22,1747202662.7890007,sell,limit,83035647
103971.8,0.82819851,2025-05-14 06:04:22,1747202662.790332,sell,limit,83035648
103971.8,0.83145001,2025-05-14 06:04:22,1747202662.794066,sell,limit,83035649
103971.8,0.77726048,2025-05-14 06:04:22,1747202662.7964606,sell,limit,83035650
103971.8,0.77726541,2025-05-14 06:04:22,1747202662.7981606,sell,limit,83035651
103971.8,0.52175469,2025-05-14 06:04:22,1747202662.7997098,sell,limit,83035652
103971.8,0.00025,2025-05-14 06:04:22,1747202662.7997098,sell,limit,83035655
103971.8,0.001,2025-05-14 06:04:22,1747202662.7997098,sell,limit,83035653
103971.8,0.0001,2025-05-14 06:04:22,1747202662.7997098,sell,limit,83035654
103950.0,5.05e-05,2025-05-14 06:04:23,1747202663.2921774,sell,limit,83035657
103963.4,0.0001,2025-05-14 06:04:23,1747202663.2921774,sell,limit,83035656
103939.0,2.58e-06,2025-05-14 06:04:23,1747202663.4624107,sell,limit,83035658
103939.0,4.793e-05,2025-05-14 06:04:23,1747202663.4624107,sell,limit,83035659
103930.4,0.0001383,2025-05-14 06:04:38,1747202678.3405535,buy,market,83035660
103930.4,0.00044936,2025-05-14 06:04:44,1747202684.7812088,buy,limit,83035661
103930.3,7.6e-07,2025-05-14 06:04:56,1747202696.9086099,sell,market,83035663
103930.3,0.0001,2025-05-14 06:04:56,1747202696.9086099,sell,market,83035662
103930.4,0.00016164,2025-05-14 06:05:02,1747202702.0819306,buy,market,83035665
103930.4,9.619e-05,2025-05-14 06:05:02,1747202702.0819306,buy,market,83035664
103930.4,0.0081,2025-05-14 06:05:02,1747202702.4950485,buy,limit,83035666
103930.4,0.00027286,2025-05-14 06:05:02,1747202702.5014374,buy,limit,83035667
103930.4,0.0129,2025-05-14 06:05:04,1747202704.4071743,buy,limit,83035668
103930.4,9.619e-05,2025-05-14 06:05:05,1747202705.4472232,buy,limit,83035670
103930.4,0.00537026,2025-05-14 06:05:05,1747202705.4472232,buy,limit,83035671
103930.4,0.00743355,2025-05-14 06:05:05,1747202705.4472232,buy,limit,83035669
103930.3,0.00099924,2025-05-14 06:05:11,1747202711.8304834,sell,market,83035672
103930.3,0.0001,2025-05-14 06:05:11,1747202711.8304834,sell,market,83035673
103930.3,0.00065598,2025-05-14 06:05:11,1747202711.8304834,sell,market,83035674
103930.3,0.00107426,2025-05-14 06:05:12,1747202712.693675,sell,limit,83035675
103930.4,9.619e-05,2025-05-14 06:05:17,1747202717.0497222,buy,limit,83035676
103930.4,0.00800381,2025-05-14 06:05:17,1747202717.0497222,buy,limit,83035677
103930.3,0.01725,2025-05-14 06:05:23,1747202723.7692409,sell,limit,83035678
103930.4,0.0009388,2025-05-14 06:06:01,1747202761.182143,buy,market,83035679
103930.3,0.0001,2025-05-14 06:06:09,1747202769.4626687,sell,limit,83035680
103930.3,0.001,2025-05-14 06:06:09,1747202769.4626687,sell,limit,83035681
103930.3,0.01615,2025-05-14 06:06:09,1747202769.4626687,sell,limit,83035682
103930.4,8.041e-05,2025-05-14 06:06:17,1747202777.5071964,buy,limit,83035683
103930.3,0.00351688,2025-05-14 06:06:27,1747202787.3801703,sell,limit,83035687
103930.3,0.001,2025-05-14 06:06:27,1747202787.3801703,sell,limit,83035685
103930.3,0.0001,2025-05-14 06:06:27,1747202787.3801703,sell,limit,83035684
103930.3,0.00019875,2025-05-14 06:06:27,1747202787.3801703,sell,limit,83035686
103930.4,0.00767543,2025-05-14 06:06:45,1747202805.6677854,buy,market,83035688
103930.4,0.0129,2025-05-14 06:07:02,1747202822.4067526,buy,limit,83035689
103930.4,9.48e-05,2025-05-14 06:07:04,1747202824.723289,buy,limit,83035690
103930.4,0.00853167,2025-05-14 06:07:07,1747202827.5914645,buy,limit,83035691
103930.4,0.00144328,2025-05-14 06:07:18,1747202838.9240391,buy,market,83035692
103930.4,0.00041117,2025-05-14 06:07:20,1747202840.5089993,buy,limit,83035693
103930.4,0.00096218,2025-05-14 06:07:27,1747202847.9003723,buy,limit,83035694
103895.0,5.053e-05,2025-05-14 06:07:28,1747202848.3209946,sell,limit,83035701
103901.5,0.00962,2025-05-14 06:07:28,1747202848.3209946,sell,limit,83035700
103906.0,5.052e-05,2025-05-14 06:07:28,1747202848.3209946,sell,limit,83035699
103893.4,0.135,2025-05-14 06:07:28,1747202848.3209946,sell,limit,83035702
103928.0,5.051e-05,2025-05-14 06:07:28,1747202848.3209946,sell,limit,83035697
103930.3,0.001,2025-05-14 06:07:28,1747202848.3209946,sell,limit,83035696
103930.3,0.0001,2025-05-14 06:07:28,1747202848.3209946,sell,limit,83035695
103917.0,5.052e-05,2025-05-14 06:07:28,1747202848.3209946,sell,limit,83035698
103890.7,0.265566,2025-05-14 06:07:28,1747202848.3209949,sell,limit,83035704
103888.0,0.00481287,2025-05-14 06:07:28,1747202848.3209949,sell,limit,83035705
103885.6,0.2531,2025-05-14 06:07:28,1747202848.3209949,sell,limit,83035706
103890.8,0.03324496,2025-05-14 06:07:28,1747202848.3209949,sell,limit,83035703
103884.0,5.053e-05,2025-05-14 06:07:28,1747202848.3209949,sell,limit,83035707
103882.9,0.29946313,2025-05-14 06:07:28,1747202848.3209949,sell,limit,83035708
103883.0,9.622e-05,2025-05-14 06:07:29,1747202849.8059545,buy,limit,83035709
103883.0,0.00085218,2025-05-14 06:07:29,1747202849.8059545,buy,limit,83035710
103883.0,0.0129,2025-05-14 06:07:32,1747202852.372928,buy,limit,83035711
103883.0,0.00018774,2025-05-14 06:07:32,1747202852.9633586,buy,limit,83035712
103883.0,0.05285426,2025-05-14 06:07:33,1747202853.1625602,buy,limit,83035713
103883.0,0.04334574,2025-05-14 06:07:33,1747202853.1625602,buy,limit,83035714
103883.0,9.622e-05,2025-05-14 06:07:44,1747202864.6574636,buy,limit,83035715
103883.0,0.01410378,2025-05-14 06:07:44,1747202864.6574636,buy,limit,83035716
103883.0,0.00968512,2025-05-14 06:07:56,1747202876.1985111,buy,limit,83035720
103883.0,9.622e-05,2025-05-14 06:07:56,1747202876.1985111,buy,limit,83035719
103883.0,0.00121866,2025-05-14 06:07:56,1747202876.1985111,buy,limit,83035718
103883.0,0.0019,2025-05-14 06:07:56,1747202876.1985111,buy,limit,83035717
103883.0,0.0129,2025-05-14 06:07:57,1747202877.0461206,buy,limit,83035721
103883.0,0.00355822,2025-05-14 06:08:10,1747202890.6180925,buy,limit,83035722
103883.0,1.423e-05,2025-05-14 06:08:33,1747202913.0381446,buy,limit,83035723
103882.9,0.0001,2025-05-14 06:08:37,1747202917.2852507,sell,limit,83035724
103882.9,0.001,2025-05-14 06:08:37,1747202917.285251,sell,limit,83035725
103873.0,0.0001,2025-05-14 06:08:44,1747202924.0006158,sell,limit,83035727
103873.0,0.001,2025-05-14 06:08:44,1747202924.0006158,sell,limit,83035728
103862.0,5.054e-05,2025-05-14 06:08:44,1747202924.0006158,sell,limit,83035729
103851.0,5.055e-05,2025-05-14 06:08:44,1747202924.0006158,sell,limit,83035730
103849.9,0.00096292,2025-05-14 06:08:44,1747202924.0006158,sell,limit,83035731
103873.0,5.054e-05,2025-05-14 06:08:44,1747202924.0006158,sell,limit,83035726
103839.0,0.001,2025-05-14 06:08:44,1747202924.000616,sell,limit,83035733
103817.4,0.00221392,2025-05-14 06:08:44,1747202924.000616,sell,limit,83035735
103826.0,0.00601,2025-05-14 06:08:44,1747202924.000616,sell,limit,83035734
103840.0,5.055e-05,2025-05-14 06:08:44,1747202924.000616,sell,limit,83035732
103817.7,8.418e-05,2025-05-14 06:09:01,1747202941.2827861,buy,market,83035737
103817.7,9.628e-05,2025-05-14 06:09:01,1747202941.2827861,buy,market,83035736
103817.6,0.0001,2025-05-14 06:09:14,1747202954.9738312,sell,limit,83035738
103817.6,0.001,2025-05-14 06:09:14,1747202954.9738312,sell,limit,83035739
103817.6,0.0229889,2025-05-14 06:09:14,1747202954.9738312,sell,limit,83035740
103817.7,9.628e-05,2025-05-14 06:09:29,1747202969.0015383,buy,market,83035741
103817.7,0.00040372,2025-05-14 06:09:29,1747202969.0015383,buy,market,83035742
103817.7,9.628e-05,2025-05-14 06:09:32,1747202972.3419921,buy,limit,83035743
103817.7,0.01280372,2025-05-14 06:09:32,1747202972.3419921,buy,limit,83035744
103817.7,0.00481613,2025-05-14 06:09:34,1747202974.5383475,buy,market,83035745
103817.7,0.015,2025-05-14 06:09:44,1747202984.0539036,buy,limit,83035746
103817.7,0.0963,2025-05-14 06:09:44,1747202984.846322,buy,limit,83035747
103837.3,0.0128037,2025-05-14 06:10:00,1747203000.5066962,buy,limit,83035749
103837.3,9.63e-05,2025-05-14 06:10:00,1747203000.5066962,buy,limit,83035748
103837.3,0.003281,2025-05-14 06:10:03,1747203003.7536554,buy,market,83035750
103837.2,0.00035,2025-05-14 06:10:04,1747203004.349,sell,limit,83035751
103837.2,0.02433911,2025-05-14 06:10:05,1747203005.2090232,sell,limit,83035752
103837.2,0.00348,2025-05-14 06:10:10,1747203010.8975232,sell,limit,83035753
103837.3,0.00865619,2025-05-14 06:10:36,1747203036.8192108,buy,limit,83035754
103837.2,0.001,2025-05-14 06:10:38,1747203038.442157,sell,limit,83035756
103837.2,0.00767996,2025-05-14 06:10:38,1747203038.442157,sell,limit,83035757
103837.2,0.00066187,2025-05-14 06:10:38,1747203038.442157,sell,limit,83035758
103837.2,0.0001,2025-05-14 06:10:38,1747203038.442157,sell,limit,83035755
103837.3,0.00525466,2025-05-14 06:10:56,1747203056.2864301,buy,limit,83035759
103837.3,0.0009417,2025-05-14 06:11:09,1747203069.4788115,buy,market,83035761
103837.3,9.63e-05,2025-05-14 06:11:09,1747203069.4788115,buy,market,83035760
103837.2,0.00383998,2025-05-14 06:11:34,1747203094.4228246,sell,market,83035763
103837.2,0.0001,2025-05-14 06:11:34,1747203094.4228246,sell,market,83035764
103837.2,0.001,2025-05-14 06:11:34,1747203094.4228246,sell,market,83035765
103837.2,0.24272189,2025-05-14 06:11:34,1747203094.4228246,sell,market,83035766
103837.2,0.00233813,2025-05-14 06:11:34,1747203094.4228246,sell,market,83035762
103837.3,5e-05,2025-05-14 06:11:39,1747203099.448391,buy,limit,83035767
103837.3,0.002193,2025-05-14 06:11:52,1747203112.1996577,buy,market,83035768
103837.2,9.87e-06,2025-05-14 06:11:53,1747203113.6682463,sell,limit,83035769
103837.3,0.00067642,2025-05-14 06:11:58,1747203118.9887462,buy,market,83035770
103837.3,0.0171977,2025-05-14 06:11:58,1747203118.9887462,buy,market,83035771
103837.2,0.00190891,2025-05-14 06:12:00,1747203120.163844,sell,limit,83035772
103837.3,0.00674094,2025-05-14 06:12:01,1747203121.8438315,buy,market,83035773
103837.3,0.0129,2025-05-14 06:12:02,1747203122.5606294,buy,limit,83035774
103837.3,0.0129,2025-05-14 06:12:03,1747203123.8975024,buy,limit,83035775
103837.2,4.462e-05,2025-05-14 06:12:11,1747203131.2610571,sell,limit,83035776
103837.3,0.001,2025-05-14 06:12:26,1747203146.561099,buy,limit,83035777
103837.3,0.0027,2025-05-14 06:12:32,1747203152.3447583,buy,limit,83035778
103837.3,0.00015548,2025-05-14 06:12:33,1747203153.8920474,buy,limit,83035779
103837.3,0.0019,2025-05-14 06:12:33,1747203153.8920474,buy,limit,83035780
103851.1,5.055e-05,2025-05-14 06:12:39,1747203159.5276792,buy,market,83035781
103851.1,0.00010295,2025-05-14 06:12:39,1747203159.5276792,buy,market,83035782
103851.1,0.00064452,2025-05-14 06:12:44,1747203164.3205643,buy,limit,83035783
103851.0,0.01141514,2025-05-14 06:12:44,1747203164.936009,sell,limit,83035785
103851.0,7.389e-05,2025-05-14 06:12:44,1747203164.936009,sell,limit,83035784
103851.1,0.00094842,2025-05-14 06:13:03,1747203183.0414789,buy,market,83035786
103851.1,0.00120862,2025-05-14 06:13:05,1747203185.8450127,buy,limit,83035787
103851.1,0.01509138,2025-05-14 06:13:05,1747203185.8450127,buy,limit,83035788
103851.1,0.0043,2025-05-14 06:13:06,1747203186.5051274,buy,limit,83035789
103851.1,5.778e-05,2025-05-14 06:13:12,1747203192.2850661,buy,market,83035790
103851.1,0.00139447,2025-05-14 06:13:18,1747203198.131209,buy,limit,83035791
103851.1,0.02560553,2025-05-14 06:13:18,1747203198.131209,buy,limit,83035792
103851.1,0.00072613,2025-05-14 06:13:18,1747203198.9695752,buy,limit,83035793
103855.3,0.02627387,2025-05-14 06:13:29,1747203209.4527612,buy,limit,83035794
103855.3,4.743e-05,2025-05-14 06:13:34,1747203214.0408988,buy,limit,83035795
103855.2,0.00158609,2025-05-14 06:13:37,1747203217.4014614,sell,limit,83035796
103857.5,9.628e-05,2025-05-14 06:13:43,1747203223.2437358,buy,limit,83035798
103857.6,0.00907457,2025-05-14 06:13:43,1747203223.2437358,buy,limit,83035799
103855.3,0.00031563,2025-05-14 06:13:43,1747203223.2437358,buy,limit,83035797
103857.6,0.00052813,2025-05-14 06:13:50,1747203230.708949,buy,limit,83035800
103857.6,0.01667187,2025-05-14 06:13:50,1747203230.708949,buy,limit,83035801
103857.6,0.0129,2025-05-14 06:13:53,1747203233.0416894,buy,limit,83035802
103857.6,0.00028949,2025-05-14 06:14:22,1747203262.3320851,buy,limit,83035804
103857.6,0.00071051,2025-05-14 06:14:22,1747203262.3320851,buy,limit,83035803
103857.6,0.00187875,2025-05-14 06:14:27,1747203267.033633,buy,limit,83035805
103857.6,0.00023952,2025-05-14 06:14:27,1747203267.0384119,buy,limit,83035806
103857.6,0.00169556,2025-05-14 06:14:29,1747203269.173782,buy,limit,83035808
103857.6,0.00159224,2025-05-14 06:14:29,1747203269.173782,buy,limit,83035807
103857.5,0.00016965,2025-05-14 06:14:37,1747203277.4774632,sell,market,83035809
103857.6,0.00014274,2025-05-14 06:14:54,1747203294.8393843,buy,limit,83035810
103857.5,0.00190891,2025-05-14 06:14:56,1747203296.7759297,sell,limit,83035811
103857.5,0.00415045,2025-05-14 06:14:58,1747203298.8926687,sell,limit,83035812
103857.5,0.0001,2025-05-14 06:14:58,1747203298.8935356,sell,limit,83035814
103857.5,0.00024184,2025-05-14 06:14:58,1747203298.8935356,sell,limit,83035815
103857.5,0.00049641,2025-05-14 06:14:58,1747203298.8935356,sell,limit,83035813
103857.5,0.00029043,2025-05-14 06:14:58,1747203298.8937812,sell,limit,83035816
103857.5,0.00029761,2025-05-14 06:14:58,1747203298.8953342,sell,limit,83035817
103857.5,0.00017012,2025-05-14 06:14:58,1747203298.8965862,sell,limit,83035818
103857.5,0.00012434,2025-05-14 06:14:58,1747203298.8965862,sell,limit,83035819
103857.6,0.00212706,2025-05-14 06:15:01,1747203301.9097483,buy,market,83035820
103857.6,0.00035526,2025-05-14 06:15:02,1747203302.2003071,buy,market,83035822
103857.6,9.628e-05,2025-05-14 06:15:02,1747203302.2003071,buy,market,83035823
103857.6,0.01506464,2025-05-14 06:15:02,1747203302.2003071,buy,market,83035821
103857.6,0.02457506,2025-05-14 06:15:02,1747203302.2003071,buy,market,83035824
103857.6,0.0129,2025-05-14 06:15:02,1747203302.4074109,buy,limit,83035825
103857.6,0.00354034,2025-05-14 06:15:03,1747203303.8128526,buy,limit,83035826
103858.2,0.0021242,2025-05-14 06:15:09,1747203309.506783,buy,market,83035827
103858.2,0.00502639,2025-05-14 06:15:09,1747203309.506783,buy,market,83035828
103858.2,0.03293783,2025-05-14 06:15:09,1747203309.5067832,buy,market,83035829
103858.9,0.18602199,2025-05-14 06:15:09,1747203309.5067832,buy,market,83035830
103858.9,0.00070807,2025-05-14 06:15:14,1747203314.2450902,buy,limit,83035831
103858.9,0.00865159,2025-05-14 06:15:14,1747203314.2450902,buy,limit,83035832
103858.9,0.00035403,2025-05-14 06:15:35,1747203335.6102293,buy,limit,83035833
103858.9,0.01254597,2025-05-14 06:15:35,1747203335.6102293,buy,limit,83035834
103858.9,0.00013585,2025-05-14 06:15:43,1747203343.3415422,buy,limit,83035835
103860.3,0.00234995,2025-05-14 06:15:43,1747203343.9811761,buy,market,83035837
103858.9,4.753e-05,2025-05-14 06:15:43,1747203343.9811761,buy,market,83035836
103860.3,0.0001094,2025-05-14 06:15:47,1747203347.2398992,buy,limit,83035838
103861.9,0.0034014,2025-05-14 06:15:53,1747203353.415383,sell,market,83035839
103862.0,0.00059214,2025-05-14 06:15:57,1747203357.802172,buy,limit,83035843
103862.0,9.628e-05,2025-05-14 06:15:57,1747203357.802172,buy,limit,83035841
103862.0,5.163e-05,2025-05-14 06:15:57,1747203357.802172,buy,limit,83035842
103862.0,5.055e-05,2025-05-14 06:15:57,1747203357.802172,buy,limit,83035840
103862.0,0.00182688,2025-05-14 06:16:01,1747203361.235541,buy,market,83035844
103861.9,0.00190891,2025-05-14 06:17:14,1747203434.5275733,sell,limit,83035845
103861.9,0.00018667,2025-05-14 06:17:28,1747203448.0345259,sell,limit,83035846
103862.0,0.00170551,2025-05-14 06:18:01,1747203481.171194,buy,market,83035847
103862.0,0.00340376,2025-05-14 06:18:01,1747203481.171194,buy,market,83035848
103862.0,0.00531598,2025-05-14 06:18:02,1747203482.4489048,buy,limit,83035849
103862.0,0.00188402,2025-05-14 06:18:02,1747203482.4489048,buy,limit,83035850
103862.0,1.653e-05,2025-05-14 06:18:04,1747203484.0383987,buy,limit,83035851
103862.0,0.0019,2025-05-14 06:18:04,1747203484.038399,buy,limit,83035852
103873.0,5.054e-05,2025-05-14 06:18:08,1747203488.4015107,buy,limit,83035853
103873.0,3.833e-05,2025-05-14 06:18:08,1747203488.401511,buy,limit,83035854
103873.0,0.0007045,2025-05-14 06:18:09,1747203489.2619116,buy,limit,83035855
103873.0,0.00020744,2025-05-14 06:18:14,1747203494.6119277,buy,limit,83035856
103883.0,0.00091514,2025-05-14 06:18:14,1747203494.6119277,buy,limit,83035857
103883.2,0.00416089,2025-05-14 06:18:14,1747203494.6119277,buy,limit,83035858
103883.9,0.0197353,2025-05-14 06:18:37,1747203517.5249176,buy,market,83035860
103883.9,0.00047514,2025-05-14 06:18:37,1747203517.5249176,buy,market,83035859
103883.9,0.28524989,2025-05-14 06:18:37,1747203517.5249176,buy,market,83035861
103883.9,0.01,2025-05-14 06:18:45,1747203525.5338426,buy,limit,83035862
103883.9,0.00486341,2025-05-14 06:19:57,1747203597.226899,buy,market,83035863
103883.8,0.00022079,2025-05-14 06:20:02,1747203602.0209372,sell,limit,83035864
103883.9,9.806e-05,2025-05-14 06:20:09,1747203609.5401964,buy,limit,83035865
103883.9,0.00057085,2025-05-14 06:20:10,1747203610.1190102,buy,limit,83035866
103883.9,0.02069618,2025-05-14 06:20:14,1747203614.9292338,buy,limit,83035867
103883.8,9.628e-05,2025-05-14 06:20:16,1747203616.967184,sell,limit,83035868
103883.8,9.628e-05,2025-05-14 06:20:17,1747203617.4008784,sell,limit,83035869
103883.8,9.628e-05,2025-05-14 06:20:17,1747203617.872277,sell,limit,83035870
103883.8,9.628e-05,2025-05-14 06:20:18,1747203618.3018115,sell,limit,83035871
103883.8,9.628e-05,2025-05-14 06:20:18,1747203618.7317972,sell,limit,83035872
103883.8,9.628e-05,2025-05-14 06:20:18,1747203618.7317972,sell,limit,83035872
103883.8,9.628e-05,2025-05-14 06:20:19,1747203619.1626375,sell,limit,83035873
103883.8,9.628e-05,2025-05-14 06:20:19,1747203619.5952744,sell,limit,83035874
103883.8,9.628e-05,2025-05-14 06:20:20,1747203620.0291438,sell,limit,83035875
103883.8,9.628e-05,2025-05-14 06:20:20,1747203620.459227,sell,limit,83035876
103883.8,9.628e-05,2025-05-14 06:20:20,1747203620.8923457,sell,limit,83035877
103883.8,9.628e-05,2025-05-14 06:20:21,1747203621.3257198,sell,limit,83035878
103883.8,9.628e-05,2025-05-14 06:20:21,1747203621.7594292,sell,limit,83035879
103883.8,9.628e-05,2025-05-14 06:20:22,1747203622.1900127,sell,limit,83035880
103883.8,9.628e-05,2025-05-14 06:20:22,1747203622.6234698,sell,limit,83035881
103883.8,9.628e-05,2025-05-14 06:20:23,1747203623.0538661,sell,limit,83035882
103883.8,9.628e-05,2025-05-14 06:20:23,1747203623.4839325,sell,limit,83035883
103883.8,9.628e-05,2025-05-14 06:20:23,1747203623.9144514,sell,limit,83035884
103883.8,9.628e-05,2025-05-14 06:20:24,1747203624.3470902,sell,limit,83035885
103883.8,9.628e-05,2025-05-14 06:20:24,1747203624.7781363,sell,limit,83035886
103883.8,9.628e-05,2025-05-14 06:20:25,1747203625.208333,sell,limit,83035887
103883.8,9.628e-05,2025-05-14 06:20:25,1747203625.6424677,sell,limit,83035888
103883.8,9.628e-05,2025-05-14 06:20:26,1747203626.072601,sell,limit,83035889
103883.8,9.628e-05,2025-05-14 06:20:26,1747203626.5033984,sell,limit,83035890
103883.8,0.00478785,2025-05-14 06:20:26,1747203626.6600623,sell,limit,83035891
103883.8,0.001,2025-05-14 06:20:26,1747203626.6600623,sell,limit,83035893
103883.8,0.0001,2025-05-14 06:20:26,1747203626.6600623,sell,limit,83035892
103883.8,0.03311215,2025-05-14 06:20:26,1747203626.6600623,sell,limit,83035894
103883.8,0.05921268,2025-05-14 06:20:26,1747203626.6666338,sell,limit,83035895
103883.8,0.01449475,2025-05-14 06:20:26,1747203626.6666338,sell,limit,83035896
103872.0,9.628e-05,2025-05-14 06:20:27,1747203627.2591662,sell,limit,83035897
103872.0,0.00098037,2025-05-14 06:20:27,1747203627.2617507,sell,limit,83035899
103872.0,0.00490372,2025-05-14 06:20:27,1747203627.2617507,sell,limit,83035898
103862.0,5.054e-05,2025-05-14 06:20:27,1747203627.2650907,sell,limit,83035900
103861.9,9.629e-05,2025-05-14 06:20:30,1747203630.003272,sell,limit,83035901
103861.9,0.0001,2025-05-14 06:20:30,1747203630.0113716,sell,limit,83035905
103861.9,0.001,2025-05-14 06:20:30,1747203630.0113716,sell,limit,83035904
103861.9,0.00222496,2025-05-14 06:20:30,1747203630.0113716,sell,limit,83035903
103861.9,0.00871348,2025-05-14 06:20:30,1747203630.0113716,sell,limit,83035902
103858.8,0.00502018,2025-05-14 06:20:30,1747203630.0219042,sell,limit,83035906
103858.8,0.0306386,2025-05-14 06:20:30,1747203630.0219045,sell,limit,83035907
103851.0,0.26113277,2025-05-14 06:20:30,1747203630.0301235,sell,limit,83035909
103851.0,5.055e-05,2025-05-14 06:20:30,1747203630.0301235,sell,limit,83035908
103840.0,4.576e-05,2025-05-14 06:20:32,1747203632.2764668,sell,limit,83035911
103840.0,5.055e-05,2025-05-14 06:20:32,1747203632.2764668,sell,limit,83035910
103840.0,9.631e-05,2025-05-14 06:20:32,1747203632.7098842,sell,limit,83035912
103840.0,9.631e-05,2025-05-14 06:20:32,1747203632.9664085,sell,limit,83035913
103840.0,0.00176246,2025-05-14 06:20:32,1747203632.9692008,sell,limit,83035914
103837.2,0.00102564,2025-05-14 06:20:32,1747203632.9692008,sell,limit,83035916
103840.0,0.0001,2025-05-14 06:20:32,1747203632.9692008,sell,limit,83035915
103829.0,5.056e-05,2025-05-14 06:20:32,1747203632.9692008,sell,limit,83035917
103818.0,5.056e-05,2025-05-14 06:20:32,1747203632.9692008,sell,limit,83035918
103817.6,2.125e-05,2025-05-14 06:20:44,1747203644.2987676,sell,limit,83035919
103817.7,0.00012384,2025-05-14 06:21:05,1747203665.917286,buy,limit,83035920
103817.6,9.634e-05,2025-05-14 06:21:09,1747203669.7326283,sell,limit,83035921
103817.6,9.634e-05,2025-05-14 06:21:09,1747203669.970746,sell,limit,83035922
103817.7,0.00458853,2025-05-14 06:21:10,1747203670.478973,buy,limit,83035923
103817.6,9.635e-05,2025-05-14 06:21:10,1747203670.48231,sell,limit,83035924
103817.6,9.635e-05,2025-05-14 06:21:10,1747203670.9156635,sell,limit,83035925
103817.6,9.635e-05,2025-05-14 06:21:11,1747203671.346917,sell,limit,83035926
103817.6,9.635e-05,2025-05-14 06:21:11,1747203671.7770884,sell,limit,83035927
103817.6,9.635e-05,2025-05-14 06:21:12,1747203672.2077732,sell,limit,83035928
103817.6,9.634e-05,2025-05-14 06:21:12,1747203672.6379373,sell,limit,83035929
103817.6,9.634e-05,2025-05-14 06:21:13,1747203673.0686047,sell,limit,83035930
103817.6,9.634e-05,2025-05-14 06:21:13,1747203673.502751,sell,limit,83035931
103817.6,9.634e-05,2025-05-14 06:21:13,1747203673.9417403,sell,limit,83035932
103817.6,9.634e-05,2025-05-14 06:21:14,1747203674.3746746,sell,limit,83035933
103817.6,9.634e-05,2025-05-14 06:21:14,1747203674.8076777,sell,limit,83035934
103817.6,9.634e-05,2025-05-14 06:21:15,1747203675.2412267,sell,limit,83035935
103817.6,0.0001,2025-05-14 06:21:15,1747203675.2439628,sell,limit,83035938
103817.6,0.0012477,2025-05-14 06:21:15,1747203675.2439628,sell,limit,83035937
103817.6,0.001,2025-05-14 06:21:15,1747203675.2439628,sell,limit,83035939
103817.6,0.00460946,2025-05-14 06:21:15,1747203675.2439628,sell,limit,83035940
103817.6,0.00654468,2025-05-14 06:21:15,1747203675.2439628,sell,limit,83035936
103807.0,5.057e-05,2025-05-14 06:21:15,1747203675.246997,sell,limit,83035942
103813.0,5e-05,2025-05-14 06:21:15,1747203675.246997,sell,limit,83035941
103800.5,0.001,2025-05-14 06:21:55,1747203715.5221467,sell,market,83035946
103800.5,0.00062401,2025-05-14 06:21:55,1747203715.5221467,sell,market,83035944
103800.5,0.00963,2025-05-14 06:21:55,1747203715.5221467,sell,market,83035943
103800.5,0.0001,2025-05-14 06:21:55,1747203715.5221467,sell,market,83035945
103800.5,0.0019,2025-05-14 06:21:55,1747203715.522147,sell,market,83035947
103800.5,0.00174599,2025-05-14 06:21:55,1747203715.522147,sell,market,83035948
103800.6,0.00011666,2025-05-14 06:22:14,1747203734.8539114,buy,market,83035949
103800.5,5e-05,2025-05-14 06:22:19,1747203739.5439808,sell,limit,83035956
103800.5,0.00077523,2025-05-14 06:22:19,1747203739.5439808,sell,limit,83035955
103800.5,0.001,2025-05-14 06:22:19,1747203739.5439808,sell,limit,83035954
103800.5,0.00963,2025-05-14 06:22:19,1747203739.5439808,sell,limit,83035953
103800.5,0.0001,2025-05-14 06:22:19,1747203739.5439808,sell,limit,83035952
103800.5,0.000312,2025-05-14 06:22:19,1747203739.5439808,sell,limit,83035951
103800.5,0.05760088,2025-05-14 06:22:19,1747203739.5439808,sell,limit,83035950
103796.0,0.00016451,2025-05-14 06:22:20,1747203740.6573946,sell,market,83035958
103796.0,5.057e-05,2025-05-14 06:22:20,1747203740.6573946,sell,market,83035957
103785.0,5.058e-05,2025-05-14 06:22:20,1747203740.6573946,sell,market,83035959
103780.4,0.01473434,2025-05-14 06:22:20,1747203740.6573946,sell,market,83035960
103780.5,0.0052737,2025-05-14 06:22:32,1747203752.3362467,buy,limit,83035962
103780.5,0.0076263,2025-05-14 06:22:32,1747203752.3362467,buy,limit,83035961
103780.4,6.237e-05,2025-05-14 06:22:39,1747203759.3730438,sell,limit,83035963
103780.4,0.00029862,2025-05-14 06:22:43,1747203763.5702121,sell,limit,83035967
103780.4,0.0001,2025-05-14 06:22:43,1747203763.5702121,sell,limit,83035966
103780.4,2.818e-05,2025-05-14 06:22:43,1747203763.5702121,sell,limit,83035964
103780.4,7.32e-05,2025-05-14 06:22:43,1747203763.5702121,sell,limit,83035965
103780.5,0.0138,2025-05-14 06:22:43,1747203763.9710193,buy,limit,83035968
103780.5,0.0019,2025-05-14 06:22:44,1747203764.7795947,buy,limit,83035970
103780.5,0.00388522,2025-05-14 06:22:44,1747203764.7795947,buy,limit,83035971
103780.5,0.00981478,2025-05-14 06:22:44,1747203764.7795947,buy,limit,83035969
103780.4,2.254e-05,2025-05-14 06:22:52,1747203772.5834394,sell,limit,83035972
103780.5,0.00112164,2025-05-14 06:22:56,1747203776.3369386,buy,limit,83035974
103780.5,0.01177836,2025-05-14 06:22:56,1747203776.3369386,buy,limit,83035973
103780.4,0.00067884,2025-05-14 06:22:58,1747203778.9505863,sell,market,83035975
103780.4,0.00279017,2025-05-14 06:22:58,1747203778.9505863,sell,market,83035976
103780.5,0.00085932,2025-05-14 06:23:01,1747203781.257701,buy,market,83035977
103780.5,0.00183219,2025-05-14 06:23:33,1747203813.504115,buy,limit,83035978
103780.5,0.01381471,2025-05-14 06:23:33,1747203813.504115,buy,limit,83035979
103780.5,0.01146603,2025-05-14 06:23:33,1747203813.504115,buy,limit,83035980
103780.5,0.00028202,2025-05-14 06:23:35,1747203815.5660875,buy,limit,83035981
103780.5,0.00342068,2025-05-14 06:23:55,1747203835.6696932,buy,market,83035982
103780.4,0.00017252,2025-05-14 06:24:02,1747203842.765146,sell,limit,83035983
103780.5,0.00030966,2025-05-14 06:24:24,1747203864.7444675,buy,limit,83035984
103780.4,0.0029703,2025-05-14 06:24:35,1747203875.850446,sell,limit,83035985
103780.5,0.00010647,2025-05-14 06:24:42,1747203882.1729934,buy,market,83035986
103780.4,0.0001,2025-05-14 06:25:05,1747203905.7014673,sell,limit,83035988
103780.4,0.0001912,2025-05-14 06:25:05,1747203905.7014673,sell,limit,83035989
103780.4,0.0006989,2025-05-14 06:25:05,1747203905.7014673,sell,limit,83035987
103780.5,4.818e-05,2025-05-14 06:25:11,1747203911.1964004,buy,market,83035990
103780.4,0.00035264,2025-05-14 06:25:32,1747203932.3184505,sell,market,83035991
103780.5,0.00119252,2025-05-14 06:25:41,1747203941.3513036,buy,market,83035992
103780.5,0.00047369,2025-05-14 06:25:47,1747203947.0627532,buy,market,83035993
103780.4,0.00045616,2025-05-14 06:26:24,1747203984.923194,sell,market,83035994
103780.4,0.0001,2025-05-14 06:26:24,1747203984.923194,sell,market,83035995
103780.4,0.00382744,2025-05-14 06:26:24,1747203984.923194,sell,market,83035996
103780.4,0.00474436,2025-05-14 06:26:24,1747203984.9231942,sell,market,83035998
103780.4,0.0001,2025-05-14 06:26:24,1747203984.9231942,sell,market,83035997
103780.4,0.00120878,2025-05-14 06:26:29,1747203989.6401417,sell,limit,83036000
103780.4,0.00013122,2025-05-14 06:26:29,1747203989.6401417,sell,limit,83035999
103780.5,0.0129,2025-05-14 06:27:02,1747204022.2993665,buy,limit,83036001
103780.5,0.00010016,2025-05-14 06:27:04,1747204024.0456195,buy,market,83036002
103780.5,0.00022784,2025-05-14 06:27:15,1747204035.0396545,buy,limit,83036003
103780.5,0.0004272,2025-05-14 06:27:22,1747204042.1965432,buy,limit,83036004
103780.5,1.899e-05,2025-05-14 06:27:30,1747204050.03887,buy,limit,83036005
103780.4,9.594e-05,2025-05-14 06:27:38,1747204058.994895,sell,limit,83036006
103780.5,0.00438993,2025-05-14 06:28:02,1747204082.5551977,buy,market,83036007
103780.4,0.0001,2025-05-14 06:28:05,1747204085.9936943,sell,limit,83036009
103780.4,0.00181778,2025-05-14 06:28:05,1747204085.9936943,sell,limit,83036008
103780.4,0.12172847,2025-05-14 06:28:05,1747204085.9936943,sell,limit,83036011
103780.4,0.001,2025-05-14 06:28:05,1747204085.9936943,sell,limit,83036010
103780.5,0.00047939,2025-05-14 06:28:06,1747204086.48853,buy,limit,83036012
103780.5,0.00018987,2025-05-14 06:28:24,1747204104.0446131,buy,limit,83036013
103780.4,0.00132898,2025-05-14 06:28:24,1747204104.9409316,sell,limit,83036014
103780.5,0.0963,2025-05-14 06:28:32,1747204112.4312763,buy,limit,83036015
103780.5,0.0963,2025-05-14 06:28:33,1747204113.8284507,buy,limit,83036016
103780.5,0.0963,2025-05-14 06:28:34,1747204114.7639425,buy,limit,83036017
103780.5,0.00018801,2025-05-14 06:28:44,1747204124.9237287,buy,limit,83036018
103780.5,0.0018,2025-05-14 06:28:46,1747204126.726841,buy,limit,83036019
103780.5,0.00164815,2025-05-14 06:28:48,1747204128.4307427,buy,limit,83036021
103780.5,0.00015185,2025-05-14 06:28:48,1747204128.4307427,buy,limit,83036020
103780.5,5.696e-05,2025-05-14 06:29:00,1747204140.0436265,buy,limit,83036022
103780.4,6.034e-05,2025-05-14 06:29:01,1747204141.2017565,sell,limit,83036023
103780.5,0.00423263,2025-05-14 06:29:29,1747204169.6338599,buy,market,83036025
103780.5,0.00576737,2025-05-14 06:29:29,1747204169.6338599,buy,market,83036024
103780.5,9.14e-05,2025-05-14 06:29:31,1747204171.611821,buy,market,83036026
103780.4,4.053e-05,2025-05-14 06:29:39,1747204179.3265688,sell,limit,83036029
103780.4,0.0001,2025-05-14 06:29:39,1747204179.3265688,sell,limit,83036028
103780.4,0.00089652,2025-05-14 06:29:39,1747204179.3265688,sell,limit,83036027
103780.5,0.00045001,2025-05-14 06:29:53,1747204193.2661705,buy,limit,83036030
103780.5,9.586e-05,2025-05-14 06:30:00,1747204200.1004739,buy,limit,83036031
103780.5,9.493e-05,2025-05-14 06:30:06,1747204206.3721824,buy,limit,83036032
103780.4,0.00053364,2025-05-14 06:31:12,1747204272.8578172,sell,limit,83036033
103780.4,7.583e-05,2025-05-14 06:31:12,1747204272.8857527,sell,limit,83036034
103780.4,7.191e-05,2025-05-14 06:31:12,1747204272.915502,sell,limit,83036035
103780.4,5.342e-05,2025-05-14 06:31:12,1747204272.9298553,sell,limit,83036036
103780.4,8.162e-05,2025-05-14 06:31:12,1747204272.9752893,sell,limit,83036037
103780.4,0.00010167,2025-05-14 06:31:12,1747204272.9912941,sell,limit,83036038
103780.4,4.138e-05,2025-05-14 06:31:12,1747204272.9999986,sell,limit,83036039
103780.4,3.909e-05,2025-05-14 06:31:12,1747204272.9999986,sell,limit,83036040
103780.4,8.025e-05,2025-05-14 06:31:13,1747204273.0180264,sell,limit,83036041
103780.4,9.912e-05,2025-05-14 06:31:13,1747204273.0331435,sell,limit,83036042
103780.4,7.423e-05,2025-05-14 06:31:13,1747204273.0444329,sell,limit,83036043
103780.4,5.551e-05,2025-05-14 06:31:13,1747204273.1008892,sell,limit,83036044
103780.4,5.993e-05,2025-05-14 06:31:13,1747204273.1259422,sell,limit,83036045
103780.4,0.00433804,2025-05-14 06:31:29,1747204289.3714664,sell,market,83036047
103780.4,0.03536265,2025-05-14 06:31:29,1747204289.3714664,sell,market,83036046
103780.4,0.06019931,2025-05-14 06:31:29,1747204289.3714666,sell,market,83036049
103780.4,0.0001,2025-05-14 06:31:29,1747204289.3714666,sell,market,83036048
103780.5,4.512e-05,2025-05-14 06:31:30,1747204290.2801635,buy,limit,83036050
103780.4,0.00036911,2025-05-14 06:31:32,1747204292.8463054,sell,limit,83036051
103780.4,0.00067479,2025-05-14 06:31:32,1747204292.8991923,sell,limit,83036052
103780.4,0.00126121,2025-05-14 06:31:36,1747204296.8219674,sell,market,83036053
103780.5,0.00984771,2025-05-14 06:31:45,1747204305.5086222,buy,market,83036054
103780.5,8.34e-05,2025-05-14 06:31:59,1747204319.6749735,buy,market,83036055
103780.5,0.00494475,2025-05-14 06:32:02,1747204322.3907437,buy,limit,83036056
103780.5,0.00291385,2025-05-14 06:32:02,1747204322.3907437,buy,limit,83036057
103780.5,0.0050414,2025-05-14 06:32:02,1747204322.3907437,buy,limit,83036058
103780.5,0.0129,2025-05-14 06:32:03,1747204323.725775,buy,limit,83036059
103780.5,0.0129,2025-05-14 06:32:04,1747204324.60528,buy,limit,83036060
103780.5,0.00062247,2025-05-14 06:32:05,1747204325.0487056,buy,market,83036061
103780.5,0.0129,2025-05-14 06:32:05,1747204325.4200532,buy,limit,83036062
103780.5,0.0009929,2025-05-14 06:32:09,1747204329.8568814,buy,limit,83036063
103780.5,0.00237333,2025-05-14 06:32:21,1747204341.6672852,buy,limit,83036064
103780.5,0.00021481,2025-05-14 06:32:27,1747204347.7372978,buy,limit,83036065
103780.4,0.00098766,2025-05-14 06:32:34,1747204354.4106224,sell,limit,83036066
103780.4,0.0004751,2025-05-14 06:32:43,1747204363.9483047,sell,market,83036068
103780.4,1.234e-05,2025-05-14 06:32:43,1747204363.9483047,sell,market,83036067
103780.4,0.0001,2025-05-14 06:32:44,1747204364.665697,sell,limit,83036070
103780.4,0.00169392,2025-05-14 06:32:44,1747204364.665697,sell,limit,83036069
103780.1,0.00192715,2025-05-14 06:32:56,1747204376.5659063,buy,market,83036071
103780.1,0.0470037,2025-05-14 06:33:07,1747204387.9944491,buy,limit,83036072
103780.0,1.00103873,2025-05-14 06:33:11,1747204391.971008,sell,limit,83036073
103780.0,0.0001,2025-05-14 06:33:11,1747204391.971008,sell,limit,83036075
103780.0,0.001,2025-05-14 06:33:11,1747204391.971008,sell,limit,83036076
103780.0,0.00328557,2025-05-14 06:33:11,1747204391.971008,sell,limit,83036074
103774.0,5.059e-05,2025-05-14 06:33:11,1747204391.9733934,sell,limit,83036077
103763.0,5.059e-05,2025-05-14 06:33:12,1747204392.708318,sell,limit,83036080
103767.3,0.00155828,2025-05-14 06:33:12,1747204392.708318,sell,limit,83036079
103767.3,9.636e-05,2025-05-14 06:33:12,1747204392.708318,sell,limit,83036078
103759.6,0.0001,2025-05-14 06:33:12,1747204392.708318,sell,limit,83036081
103752.0,5.06e-05,2025-05-14 06:33:12,1747204392.708318,sell,limit,83036082
103750.0,0.08414457,2025-05-14 06:34:07,1747204447.6581123,sell,limit,83036083
103750.0,0.00030748,2025-05-14 06:34:07,1747204447.6581123,sell,limit,83036084
103750.0,0.00093795,2025-05-14 06:34:07,1747204447.6581125,sell,limit,83036085
103750.1,7.612e-05,2025-05-14 06:34:26,1747204466.4686913,buy,market,83036086
103750.1,0.25801787,2025-05-14 06:34:27,1747204467.2819984,buy,market,83036089
103750.1,0.25469487,2025-05-14 06:34:27,1747204467.2819984,buy,market,83036087
103750.1,0.25474831,2025-05-14 06:34:27,1747204467.2819984,buy,market,83036088
103750.1,0.62928931,2025-05-14 06:34:27,1747204467.2819984,buy,market,83036090
103750.1,0.00046547,2025-05-14 06:34:35,1747204475.929743,buy,limit,83036091
103750.1,8.613e-05,2025-05-14 06:34:45,1747204485.4842217,buy,limit,83036092
103750.1,5.783e-05,2025-05-14 06:34:50,1747204490.5359156,buy,market,83036093
103750.1,0.00573667,2025-05-14 06:34:59,1747204499.3781831,buy,market,83036094
103750.1,0.0004267,2025-05-14 06:35:18,1747204518.253617,buy,market,83036095
103750.1,0.00671579,2025-05-14 06:35:39,1747204539.9647303,buy,market,83036097
103750.1,0.0063748,2025-05-14 06:35:39,1747204539.9647303,buy,market,83036096
103750.0,0.00048192,2025-05-14 06:35:48,1747204548.7433212,sell,limit,83036100
103750.0,6.205e-05,2025-05-14 06:35:48,1747204548.7433212,sell,limit,83036098
103750.0,0.0001,2025-05-14 06:35:48,1747204548.7433212,sell,limit,83036099
103730.0,5.061e-05,2025-05-14 06:35:48,1747204548.7433214,sell,limit,83036104
103750.0,0.00018553,2025-05-14 06:35:48,1747204548.7433214,sell,limit,83036101
103750.0,0.00135518,2025-05-14 06:35:48,1747204548.7433214,sell,limit,83036102
103711.7,9.642e-05,2025-05-14 06:35:48,1747204548.7433214,sell,limit,83036106
103711.6,0.00165422,2025-05-14 06:35:48,1747204548.7433214,sell,limit,83036107
103719.0,5.061e-05,2025-05-14 06:35:48,1747204548.7433214,sell,limit,83036105
103741.0,5.06e-05,2025-05-14 06:35:48,1747204548.7433214,sell,limit,83036103
103711.7,0.00096418,2025-05-14 06:35:50,1747204550.558475,buy,limit,83036108
103711.7,0.00048785,2025-05-14 06:36:02,1747204562.4979599,buy,market,83036109
103711.7,0.000187,2025-05-14 06:36:05,1747204565.8825245,buy,market,83036110
103711.7,2.793e-05,2025-05-14 06:36:20,1747204580.600015,buy,limit,83036111
103711.7,0.01078853,2025-05-14 06:36:32,1747204592.339565,buy,limit,83036113
103711.7,0.00421147,2025-05-14 06:36:32,1747204592.339565,buy,limit,83036112
103711.7,0.00090273,2025-05-14 06:36:32,1747204592.4925187,buy,limit,83036114
103711.7,1.863e-05,2025-05-14 06:36:37,1747204597.7545018,buy,limit,83036115
103711.7,0.00219457,2025-05-14 06:36:43,1747204603.9089913,buy,limit,83036116
103711.7,0.00140543,2025-05-14 06:36:43,1747204603.9089913,buy,limit,83036117
103711.7,7.164e-05,2025-05-14 06:36:48,1747204608.6540942,buy,market,83036118
103711.7,0.00072174,2025-05-14 06:37:03,1747204623.0557988,buy,market,83036119
103711.6,0.00037858,2025-05-14 06:37:03,1747204623.5012915,sell,market,83036120
103711.7,0.00031322,2025-05-14 06:37:18,1747204638.7093596,buy,limit,83036121
103711.7,0.00354362,2025-05-14 06:37:18,1747204638.7093596,buy,limit,83036122
103711.6,0.00041,2025-05-14 06:37:29,1747204649.0638409,sell,limit,83036123
103711.7,3.847e-05,2025-05-14 06:37:37,1747204657.3150408,buy,limit,83036124
103711.7,0.00012507,2025-05-14 06:37:48,1747204668.012014,buy,limit,83036125
103711.6,0.00149195,2025-05-14 06:37:53,1747204673.6680503,sell,market,83036126
103711.7,0.00298741,2025-05-14 06:38:01,1747204681.1049666,buy,market,83036127
103711.7,0.0028462,2025-05-14 06:38:01,1747204681.1049666,buy,market,83036128
103711.7,0.0043,2025-05-14 06:38:02,1747204682.4020174,buy,limit,83036129
103711.6,0.00014793,2025-05-14 06:38:03,1747204683.032997,sell,market,83036130
103711.7,0.00014087,2025-05-14 06:38:04,1747204684.1678476,buy,limit,83036131
103711.7,0.00047498,2025-05-14 06:38:07,1747204687.6461082,buy,limit,83036132
103711.7,0.00128415,2025-05-14 06:38:12,1747204692.841939,buy,limit,83036133
103711.7,0.00074259,2025-05-14 06:38:12,1747204692.841939,buy,limit,83036134
103711.7,0.00808367,2025-05-14 06:38:12,1747204692.841939,buy,limit,83036136
103711.7,0.004,2025-05-14 06:38:12,1747204692.841939,buy,limit,83036135
103711.7,0.00022844,2025-05-14 06:38:14,1747204694.2386727,buy,limit,83036137
103711.6,0.00084684,2025-05-14 06:38:35,1747204715.025753,sell,limit,83036138
103711.6,0.0001,2025-05-14 06:38:35,1747204715.0257533,sell,limit,83036140
103711.6,9.642e-05,2025-05-14 06:38:35,1747204715.0257533,sell,limit,83036141
103711.6,0.0047821,2025-05-14 06:38:35,1747204715.0257533,sell,limit,83036142
103711.6,0.001,2025-05-14 06:38:35,1747204715.0257533,sell,limit,83036139
103711.7,0.00144627,2025-05-14 06:38:36,1747204716.2731416,buy,limit,83036143
103711.7,0.00067664,2025-05-14 06:38:53,1747204733.0591776,buy,limit,83036144
103711.7,0.00139623,2025-05-14 06:39:02,1747204742.564515,buy,market,83036146
103711.7,0.00091635,2025-05-14 06:39:02,1747204742.564515,buy,market,83036145
103711.7,0.0005735,2025-05-14 06:39:02,1747204742.5645154,buy,market,83036147
103711.7,8.311e-05,2025-05-14 06:39:04,1747204744.3092558,buy,limit,83036148
103711.7,0.00055,2025-05-14 06:39:20,1747204760.148744,buy,market,83036149
103711.7,0.00282208,2025-05-14 06:39:26,1747204766.430428,buy,limit,83036150
103711.7,6.735e-05,2025-05-14 06:39:43,1747204783.7994258,buy,limit,83036151
103711.7,0.00046742,2025-05-14 06:40:02,1747204802.012003,buy,market,83036154
103711.7,8.594e-05,2025-05-14 06:40:02,1747204802.012003,buy,market,83036152
103711.7,0.00112154,2025-05-14 06:40:02,1747204802.012003,buy,market,83036153
103711.6,0.001,2025-05-14 06:40:09,1747204809.7393332,sell,limit,83036157
103711.6,0.00909069,2025-05-14 06:40:09,1747204809.7393332,sell,limit,83036158
103711.6,0.0001,2025-05-14 06:40:09,1747204809.7393332,sell,limit,83036156
103711.6,0.00588205,2025-05-14 06:40:09,1747204809.7393332,sell,limit,83036155
103711.6,0.00019237,2025-05-14 06:40:15,1747204815.5836449,sell,market,83036159
103711.7,6.73e-05,2025-05-14 06:40:30,1747204830.3828015,buy,limit,83036160
103711.7,0.00096421,2025-05-14 06:40:34,1747204834.0048008,buy,market,83036161
103711.7,0.00023749,2025-05-14 06:40:49,1747204849.620374,buy,limit,83036162
103711.7,0.00101362,2025-05-14 06:41:01,1747204861.394067,buy,market,83036163
